Order Date,Region,Category,Sales,Profit,Month-Year
11/9/2013,South,Furniture,261.96,41.9136,2013-11
11/9/2013,South,Furniture,731.94,219.582,2013-11
10/11/2012,South,Furniture,957.5775,-383.031,2012-10
10/11/2012,South,Office Supplies,22.368,2.5164,2012-10
6/9/2011,West,Furniture,48.86,14.1694,2011-06
6/9/2011,West,Office Supplies,7.28,1.9656,2011-06
6/9/2011,West,Technology,907.152,90.7152,2011-06
6/9/2011,West,Office Supplies,18.504,5.7825,2011-06
6/9/2011,West,Office Supplies,114.9,34.47,2011-06
6/9/2011,West,Furniture,1706.184,85.3092,2011-06
6/9/2011,West,Technology,911.424,68.3568,2011-06
12/6/2013,West,Office Supplies,407.976,132.5922,2013-12
11/11/2011,Central,Office Supplies,665.88,13.3176,2011-11
12/10/2013,Central,Office Supplies,19.46,5.0596,2013-12
12/10/2013,Central,Office Supplies,60.34,15.6884,2013-12
12/9/2013,Central,Technology,1097.544,123.4737,2013-12
12/9/2013,Central,Furniture,190.92,-147.963,2013-12
9/11/2014,Central,Technology,147.168,16.5564,2014-09
3/12/2013,Central,Technology,45.98,19.7714,2013-03
3/12/2013,Central,Office Supplies,17.46,8.2062,2013-03
12/12/2013,East,Office Supplies,15.26,6.2566,2013-12
12/12/2013,East,Technology,1029.95,298.6855,2013-12
12/5/2011,West,Office Supplies,1113.024,111.3024,2011-12
12/5/2011,West,Technology,167.968,62.988,2011-12
6/5/2013,South,Office Supplies,75.88,35.6636,2013-06
12/10/2014,Central,Office Supplies,1.248,-1.9344,2014-12
12/10/2014,Central,Furniture,9.708,-5.8248,2014-12
12/10/2014,Central,Office Supplies,27.24,2.724,2014-12
10/12/2011,West,Office Supplies,14.9,4.172,2011-10
10/12/2011,West,Office Supplies,21.39,6.2031,2011-10
9/3/2012,South,Office Supplies,200.984,62.8075,2012-09
4/6/2013,Central,Office Supplies,158.368,13.8572,2013-04
11/7/2014,West,Office Supplies,5.682,-3.788,2014-11
11/10/2014,East,Furniture,96.53,40.5426,2014-11
9/7/2013,Central,Office Supplies,77.88,22.5852,2013-09
12/2/2013,Central,Office Supplies,23.92,11.7208,2013-12
11/4/2013,Central,Office Supplies,75.96,22.788,2013-11
11/4/2013,Central,Office Supplies,27.24,13.3476,2013-11
3/2/2012,West,Furniture,787.53,165.3813,2012-03
4/5/2012,South,Office Supplies,157.794,-115.7156,2012-04
11/6/2014,West,Office Supplies,2.388,-1.8308,2014-11
11/6/2014,West,Office Supplies,243.992,30.499,2014-11
11/7/2013,West,Furniture,81.424,-9.1602,2013-11
11/7/2013,West,Furniture,238.56,26.2416,2013-11
2/3/2014,East,Technology,59.97,-11.994,2014-02
2/3/2014,East,Office Supplies,78.304,29.364,2014-02
2/3/2014,East,Office Supplies,21.456,6.9732,2014-02
9/6/2013,East,Furniture,82.8,10.35,2013-09
9/7/2012,West,Office Supplies,671.93,20.1579,2012-09
12/6/2013,Central,Technology,384.45,103.8015,2013-12
12/6/2013,Central,Technology,149.97,5.9988,2013-12
12/6/2013,Central,Furniture,1951.84,585.552,2013-12
12/6/2013,Central,Office Supplies,171.55,80.6285,2013-12
3/1/2011,West,Furniture,457.568,51.4764,2011-03
5/12/2013,West,Office Supplies,5.98,2.691,2013-05
11/8/2013,West,Office Supplies,27.68,9.688,2013-11
9/8/2011,Central,Office Supplies,9.936,2.7324,2011-09
9/8/2011,Central,Technology,8159.952,-1359.992,2011-09
9/8/2011,Central,Office Supplies,275.928,-58.6347,2011-09
9/8/2011,Central,Furniture,1740.06,-24.858,2011-09
9/8/2011,Central,Office Supplies,32.064,6.8136,2011-09
9/8/2011,Central,Office Supplies,177.98,-453.849,2011-09
9/8/2011,Central,Technology,143.976,8.9985,2011-09
8/5/2011,West,Office Supplies,20.94,9.8418,2011-08
8/5/2011,West,Office Supplies,110.96,53.2608,2011-08
8/5/2011,West,Furniture,340.144,21.259,2011-08
12/5/2011,Central,Office Supplies,24.816,1.8612,2011-12
12/5/2011,Central,Technology,408.744,76.6395,2011-12
10/12/2012,East,Furniture,899.136,112.392,2012-10
10/12/2012,East,Technology,71.76,20.0928,2012-10
10/12/2012,East,Office Supplies,51.84,24.8832,2012-10
10/12/2012,East,Furniture,626.352,46.9764,2012-10
10/12/2012,East,Office Supplies,19.9,6.567,2012-10
11/7/2014,East,Office Supplies,46.26,12.0276,2014-11
7/7/2014,East,Office Supplies,2.946,-2.2586,2014-07
7/7/2014,East,Office Supplies,16.056,5.8203,2014-07
8/3/2011,West,Furniture,218.75,-161.875,2011-08
8/3/2011,West,Office Supplies,2.6,0.2925,2011-08
6/4/2014,South,Furniture,35.168,9.6712,2014-06
12/10/2014,West,Technology,444.768,44.4768,2014-12
12/2/2014,Central,Office Supplies,83.92,5.8744,2014-12
12/2/2014,Central,Technology,131.98,35.6346,2014-12
12/2/2014,Central,Office Supplies,15.92,7.4824,2014-12
12/2/2014,Central,Office Supplies,52.29,16.2099,2014-12
12/2/2014,Central,Office Supplies,91.99,3.6796,2014-12
2/9/2012,Central,Technology,20.8,6.5,2012-02
1/2/2012,East,Office Supplies,23.68,8.88,2012-01
1/2/2012,East,Furniture,452.45,-244.323,2012-01
1/2/2012,East,Technology,62.982,-14.6958,2012-01
1/2/2012,East,Technology,1188,-950.4,2012-01
1/2/2012,East,Technology,89.584,4.4792,2012-01
8/9/2012,Central,Office Supplies,2.2,0.968,2012-08
8/9/2012,Central,Furniture,622.45,136.939,2012-08
8/9/2012,Central,Office Supplies,21.98,0.2198,2012-08
4/8/2014,South,Furniture,233.86,-102.048,2014-04
4/8/2014,South,Furniture,620.6145,-248.2458,2014-04
4/8/2014,South,Office Supplies,5.328,-3.552,2014-04
4/8/2014,South,Furniture,258.072,0,2014-04
4/8/2014,South,Technology,617.976,-7.7247,2014-04
6/5/2013,Central,Office Supplies,25.92,9.396,2013-06
6/5/2013,Central,Furniture,419.68,-356.728,2013-06
6/5/2013,Central,Furniture,11.688,-4.6752,2013-06
6/5/2013,Central,Technology,31.984,11.1944,2013-06
6/5/2013,Central,Furniture,177.225,-120.513,2013-06
6/5/2013,Central,Furniture,4.044,-2.8308,2013-06
6/5/2013,Central,Office Supplies,7.408,1.2038,2013-06
6/1/2011,Central,Furniture,2001.86,580.5394,2011-06
6/1/2011,Central,Office Supplies,166.72,41.68,2011-06
6/1/2011,Central,Office Supplies,47.88,23.94,2011-06
6/1/2011,Central,Office Supplies,1503.25,496.0725,2011-06
6/1/2011,Central,Office Supplies,25.92,12.4416,2011-06
12/11/2013,West,Furniture,321.568,28.1372,2013-12
9/12/2013,West,Office Supplies,7.61,3.5767,2013-09
9/12/2013,West,Technology,3347.37,636.0003,2013-09
12/11/2013,East,Office Supplies,80.58,22.5624,2013-12
12/11/2013,East,Office Supplies,361.92,162.864,2013-12
12/2/2014,East,Technology,20.37,6.9258,2014-12
12/2/2014,East,Office Supplies,221.55,6.6465,2014-12
12/2/2014,East,Office Supplies,17.52,6.132,2014-12
6/9/2014,Central,Office Supplies,1.624,-4.466,2014-06
6/7/2013,Central,Technology,328.224,28.7196,2013-06
11/10/2012,West,Technology,79.9,35.156,2012-11
12/10/2014,East,Office Supplies,37.208,-7.4416,2014-12
12/10/2014,East,Office Supplies,57.576,21.591,2014-12
11/2/2012,West,Furniture,1038.84,51.942,2012-11
5/4/2012,East,Furniture,26.8,12.864,2012-05
6/1/2011,East,Office Supplies,45.48,20.9208,2011-06
6/1/2011,East,Office Supplies,289.2,83.868,2011-06
8/9/2011,South,Technology,178.384,22.298,2011-08
8/9/2011,South,Office Supplies,15.552,5.4432,2011-08
11/4/2011,East,Furniture,135.882,24.1568,2011-11
11/4/2011,East,Technology,3991.98,1995.99,2011-11
11/4/2011,East,Technology,275.94,80.0226,2011-11
11/4/2011,East,Technology,360,129.6,2011-11
11/4/2011,East,Office Supplies,43.57,13.071,2011-11
11/4/2014,South,Furniture,15.992,0.9995,2014-11
9/1/2012,West,Office Supplies,4.752,1.6038,2012-09
9/1/2012,West,Technology,959.984,335.9944,2012-09
9/1/2012,West,Office Supplies,14.368,4.49,2012-09
7/12/2011,West,Office Supplies,7.712,2.7956,2011-07
7/12/2011,West,Furniture,698.352,-17.4588,2011-07
7/9/2014,East,Office Supplies,7.56,3.0996,2014-07
7/9/2014,East,Office Supplies,24.56,11.5432,2014-07
7/9/2014,East,Office Supplies,12.96,4.1472,2014-07
9/2/2013,East,Technology,6.79,2.3086,2013-09
9/2/2013,East,Office Supplies,24.56,11.5432,2013-09
9/2/2013,East,Office Supplies,3.048,1.0668,2013-09
9/2/2013,East,Office Supplies,49.12,23.0864,2013-09
9/2/2013,East,Office Supplies,4355.168,1415.4296,2013-09
4/9/2013,East,Furniture,388.704,-4.8588,2013-04
4/9/2013,East,Office Supplies,8.26,3.7996,2013-04
4/9/2013,East,Office Supplies,17.04,6.9864,2013-04
4/9/2013,East,Office Supplies,34.4,15.824,2013-04
3/9/2014,South,Office Supplies,647.84,168.4384,2014-03
3/9/2014,South,Office Supplies,20.7,9.936,2014-03
12/3/2012,East,Technology,482.34,-337.638,2012-12
12/3/2012,East,Furniture,2.96,0.777,2012-12
12/12/2014,East,Office Supplies,23.36,7.884,2014-12
12/12/2014,East,Technology,39.98,13.5932,2014-12
6/7/2011,Central,Office Supplies,12.462,-20.5623,2011-06
7/1/2014,West,Office Supplies,75.792,25.5798,2014-07
9/9/2013,Central,Office Supplies,35.952,3.5952,2013-09
9/9/2013,Central,Furniture,2396.2656,-317.1528,2013-09
9/9/2013,Central,Office Supplies,131.136,-32.784,2013-09
9/9/2013,Central,Technology,57.584,0.7198,2013-09
12/9/2014,West,Technology,179.95,37.7895,2014-12
12/9/2014,West,Technology,1199.976,434.9913,2014-12
12/9/2014,West,Office Supplies,27.15,13.3035,2014-12
12/9/2014,West,Furniture,1004.024,-112.9527,2014-12
12/9/2014,West,Office Supplies,9.68,4.6464,2014-12
12/9/2014,West,Office Supplies,28.35,13.608,2014-12
12/9/2014,West,Office Supplies,55.98,27.4302,2014-12
12/9/2014,West,Furniture,1336.829,31.4548,2014-12
12/9/2014,West,Furniture,113.568,-18.4548,2014-12
11/4/2014,West,Office Supplies,139.86,65.7342,2014-11
11/4/2014,West,Furniture,307.136,26.8744,2014-11
11/7/2014,South,Office Supplies,5.78,2.8322,2014-11
3/5/2014,West,Office Supplies,9.32,2.7028,2014-03
3/5/2014,West,Office Supplies,15.25,7.015,2014-03
9/12/2011,East,Technology,69.99,30.0957,2011-09
10/2/2014,Central,Office Supplies,6.672,0.5004,2014-10
6/7/2013,East,Office Supplies,714.3,207.147,2013-06
9/6/2013,Central,Furniture,12.22,3.666,2013-09
9/6/2013,Central,Office Supplies,194.94,23.3928,2013-09
9/6/2013,Central,Office Supplies,70.95,20.5755,2013-09
9/6/2013,Central,Office Supplies,91.36,42.0256,2013-09
9/6/2013,Central,Furniture,242.94,29.1528,2013-09
9/6/2013,Central,Office Supplies,22.05,10.584,2013-09
4/2/2013,East,Office Supplies,59.52,15.4752,2013-04
4/2/2013,East,Office Supplies,161.94,9.7164,2013-04
4/2/2013,East,Office Supplies,263.88,71.2476,2013-04
4/2/2013,East,Office Supplies,30.48,7.9248,2013-04
4/2/2013,East,Office Supplies,9.84,2.8536,2013-04
4/2/2013,East,Technology,35.12,9.1312,2013-04
4/1/2014,Central,Furniture,205.3328,-36.2352,2014-04
11/9/2011,West,Office Supplies,340.92,3.4092,2011-11
11/9/2011,West,Furniture,222.666,10.4784,2011-11
11/9/2011,West,Technology,703.968,87.996,2011-11
11/9/2011,West,Office Supplies,92.52,24.9804,2011-11
11/9/2011,West,Office Supplies,62.65,28.819,2011-11
11/9/2011,West,Office Supplies,94.85,45.528,2011-11
10/6/2011,West,Technology,9.09,1.9089,2011-10
6/11/2014,West,Office Supplies,29.6,14.8,2014-06
6/11/2014,West,Furniture,514.165,-30.245,2014-06
6/11/2014,West,Technology,279.96,17.4975,2014-06
6/9/2011,Central,Technology,7.992,0.5994,2011-06
6/9/2011,Central,Technology,63.984,10.3974,2011-06
6/9/2011,Central,Office Supplies,70.368,6.1572,2011-06
5/10/2013,West,Technology,93.98,13.1572,2013-05
9/3/2012,East,Office Supplies,36.336,-7.2672,2012-09
9/3/2012,East,Office Supplies,666.248,-149.9058,2012-09
9/3/2012,East,Office Supplies,52.512,19.692,2012-09
11/7/2012,West,Furniture,190.72,11.92,2012-11
9/8/2014,West,Furniture,47.94,2.397,2014-09
7/11/2013,West,Office Supplies,16.768,1.4672,2013-07
9/4/2014,Central,Office Supplies,42.616,-68.1856,2014-09
12/3/2012,East,Office Supplies,10.752,3.36,2012-12
12/7/2012,South,Office Supplies,152.94,41.2938,2012-12
12/7/2012,South,Furniture,283.92,70.98,2012-12
2/2/2011,Central,Technology,468.9,206.316,2011-02
5/11/2011,Central,Technology,58.112,7.264,2011-05
5/11/2011,Central,Technology,100.792,6.2995,2011-05
5/11/2011,Central,Furniture,66.112,-84.2928,2011-05
9/12/2014,South,Furniture,34.504,6.0382,2014-09
3/3/2011,South,Office Supplies,19.456,3.4048,2011-03
6/11/2013,West,Office Supplies,20.7,9.936,2013-06
6/11/2013,West,Furniture,1335.68,-217.048,2013-06
6/11/2013,West,Office Supplies,32.4,15.552,2013-06
12/7/2012,West,Office Supplies,3.96,0,2012-12
12/7/2012,West,Office Supplies,2.61,1.2006,2012-12
12/8/2014,West,Technology,374.376,46.797,2014-12
10/2/2014,West,Office Supplies,91.84,45.0016,2014-10
10/2/2014,West,Office Supplies,81.088,27.3672,2014-10
10/2/2014,West,Office Supplies,19.44,9.3312,2014-10
10/2/2014,West,Furniture,451.152,0,2014-10
11/4/2013,West,Office Supplies,8.82,2.3814,2013-11
9/10/2012,West,Office Supplies,51.52,1.5456,2012-09
12/2/2014,West,Technology,470.376,52.9173,2014-12
12/2/2014,West,Technology,105.584,9.2386,2014-12
12/2/2014,West,Office Supplies,31.152,3.5046,2014-12
12/2/2014,West,Office Supplies,6.783,-4.7481,2014-12
12/2/2014,West,Technology,406.368,30.4776,2014-12
7/3/2012,South,Furniture,70.98,4.9686,2012-07
7/3/2012,South,Office Supplies,294.93,144.5157,2012-07
1/10/2011,Central,Office Supplies,9.344,1.168,2011-01
1/10/2011,Central,Technology,31.2,9.75,2011-01
8/8/2011,West,Office Supplies,76.12,22.0748,2011-08
8/8/2011,West,Technology,1199.976,434.9913,2011-08
8/8/2011,West,Technology,445.96,55.745,2011-08
8/8/2011,West,Furniture,327.76,91.7728,2011-08
9/12/2013,East,Office Supplies,8.448,2.64,2013-09
9/12/2013,East,Technology,728.946,-157.9383,2013-09
12/12/2013,West,Office Supplies,243.384,-51.7191,2013-12
12/12/2013,West,Technology,119.8,29.95,2013-12
12/12/2013,West,Technology,300.768,30.0768,2013-12
10/4/2012,South,Furniture,392.94,43.2234,2012-10
6/11/2014,Central,Technology,132.52,54.3332,2014-06
4/2/2013,West,Office Supplies,31.56,9.8625,2013-04
4/2/2013,West,Office Supplies,30.144,3.0144,2013-04
12/12/2013,West,Furniture,14.8,6.068,2013-12
12/12/2013,West,Technology,302.376,22.6782,2013-12
12/12/2013,West,Technology,316,31.6,2013-12
11/5/2013,South,Office Supplies,10.74,5.2626,2013-11
6/9/2014,Central,Office Supplies,23.76,2.079,2014-06
6/9/2014,Central,Office Supplies,85.056,28.7064,2014-06
6/9/2014,Central,Technology,381.576,28.6182,2014-06
6/10/2014,Central,Furniture,23.976,-14.3856,2014-06
6/10/2014,Central,Furniture,108.925,-71.8905,2014-06
6/10/2014,Central,Office Supplies,36.352,11.36,2014-06
12/6/2014,Central,Office Supplies,61.44,16.5888,2014-12
12/6/2014,Central,Office Supplies,38.9,17.505,2014-12
12/6/2014,Central,Technology,99.39,40.7499,2014-12
11/5/2014,South,Technology,7999.98,-3839.9904,2014-11
11/5/2014,South,Office Supplies,167.44,14.651,2014-11
7/5/2011,South,Technology,479.97,163.1898,2011-07
7/5/2011,South,Office Supplies,14.62,6.8714,2011-07
7/5/2011,South,Office Supplies,19.44,9.3312,2011-07
9/3/2014,East,Furniture,15.072,4.1448,2014-09
11/5/2013,West,Furniture,209.88,35.6796,2013-11
4/9/2012,West,Furniture,369.912,-13.8717,2012-04
9/12/2011,South,Office Supplies,10.368,3.6288,2011-09
9/12/2011,South,Office Supplies,166.84,18.7695,2011-09
9/12/2011,South,Technology,15.216,2.2824,2011-09
12/2/2011,East,Technology,119.96,52.7824,2011-12
12/2/2011,East,Furniture,883.92,-110.49,2011-12
12/2/2011,East,Office Supplies,46.72,15.768,2011-12
4/5/2011,East,Office Supplies,55.48,26.6304,2011-04
9/4/2014,South,Office Supplies,24.448,8.8624,2014-09
7/1/2011,West,Office Supplies,19.92,6.972,2011-07
1/12/2011,East,Furniture,9.94,3.0814,2011-01
6/2/2011,West,Office Supplies,59.808,19.4376,2011-06
6/2/2011,West,Furniture,73.32,21.996,2011-06
10/7/2011,East,Furniture,129.92,21.112,2011-10
7/8/2013,South,Office Supplies,45.584,5.1282,2013-07
12/4/2013,East,Office Supplies,182.72,84.0512,2013-12
12/4/2013,East,Furniture,400.032,-153.3456,2013-12
12/4/2013,East,Office Supplies,33.63,10.089,2013-12
12/4/2013,East,Furniture,542.646,102.4998,2013-12
12/4/2013,East,Office Supplies,6.3,3.024,2013-12
9/8/2011,West,Technology,49.98,8.4966,2011-09
1/5/2011,Central,Office Supplies,11.784,4.2717,2011-01
1/5/2011,Central,Office Supplies,272.736,-64.7748,2011-01
1/5/2011,Central,Office Supplies,3.54,-5.487,2011-01
10/3/2014,Central,Office Supplies,58.05,26.703,2014-10
10/3/2014,Central,Furniture,157.74,56.7864,2014-10
10/3/2014,Central,Office Supplies,56.98,22.792,2014-10
10/3/2014,Central,Office Supplies,2.88,1.4112,2014-10
4/8/2013,West,Technology,1199.976,374.9925,2013-04
12/7/2012,West,Furniture,79.92,28.7712,2012-12
11/4/2014,South,Office Supplies,12.39,5.6994,2014-11
2/8/2012,East,Technology,107.982,-26.9955,2012-02
10/3/2012,East,Office Supplies,32.07,-22.449,2012-10
10/3/2012,East,Technology,24,-2.7,2012-10
10/3/2012,East,Furniture,35.49,-15.6156,2012-10
10/3/2012,East,Technology,47.984,0.5998,2012-10
12/12/2012,West,Furniture,348.928,34.8928,2012-12
11/1/2011,West,Office Supplies,43.176,4.3176,2011-11
11/1/2011,West,Technology,1983.968,247.996,2011-11
2/3/2012,Central,Furniture,28.4,11.076,2012-02
2/3/2012,Central,Technology,149.97,50.9898,2012-02
5/9/2011,West,Technology,67.8,4.068,2011-05
5/9/2011,West,Technology,167.97,40.3128,2011-05
9/8/2011,Central,Office Supplies,51.184,-79.3352,2011-09
11/5/2014,South,Office Supplies,9.664,3.2616,2014-11
3/8/2013,Central,Technology,21.072,1.5804,2013-03
11/8/2013,West,Office Supplies,37.44,11.7,2013-11
11/8/2013,West,Office Supplies,26.976,8.7672,2013-11
11/8/2013,West,Office Supplies,11.36,3.2944,2013-11
11/8/2013,West,Office Supplies,14.62,6.8714,2013-11
1/2/2014,East,Furniture,48.896,8.5568,2014-01
2/8/2011,East,Technology,115.36,49.6048,2011-02
8/3/2011,East,Office Supplies,39.96,18.7812,2011-08
8/3/2011,East,Office Supplies,102.3,26.598,2011-08
8/3/2011,East,Office Supplies,21.36,5.7672,2011-08
4/11/2014,East,Office Supplies,7.61,3.5767,2014-04
4/11/2014,East,Office Supplies,7.16,3.58,2014-04
6/9/2011,West,Office Supplies,7.36,0.1472,2011-06
6/9/2011,West,Office Supplies,23.1,10.626,2011-06
1/5/2013,South,Technology,191.472,40.6878,2013-01
1/5/2013,South,Office Supplies,5.248,0.5904,2013-01
1/5/2013,South,Technology,59.184,5.1786,2013-01
1/11/2011,South,Office Supplies,2.89,1.3583,2011-01
1/11/2011,South,Furniture,51.94,21.2954,2011-01
4/6/2011,East,Office Supplies,44.91,-35.928,2011-04
9/4/2013,East,Office Supplies,1141.47,-760.98,2013-09
9/4/2013,East,Technology,280.782,-46.797,2013-09
12/10/2011,East,Office Supplies,11.36,5.2256,2011-12
12/10/2011,East,Office Supplies,106.344,37.2204,2011-12
12/1/2014,East,Office Supplies,68.472,23.1093,2014-12
12/1/2014,East,Furniture,1242.9,262.39,2014-12
10/9/2012,South,Office Supplies,30.84,8.3268,2012-10
12/9/2011,West,Office Supplies,34.68,16.9932,2011-12
11/11/2013,West,Office Supplies,155.82,42.0714,2013-11
11/11/2013,West,Office Supplies,70.008,24.5028,2013-11
10/4/2013,Central,Office Supplies,15.648,5.0856,2013-10
9/9/2011,Central,Office Supplies,103.6,51.8,2011-09
4/11/2013,East,Office Supplies,8.904,-6.5296,2013-04
11/12/2014,Central,Office Supplies,10.44,3.393,2014-11
11/12/2014,Central,Office Supplies,18.336,-32.088,2014-11
4/9/2013,West,Office Supplies,20.04,9.6192,2013-04
4/9/2013,West,Office Supplies,64.96,2.5984,2013-04
4/9/2013,West,Office Supplies,12.96,6.2208,2013-04
9/3/2014,Central,Technology,1199.8,323.946,2014-09
9/3/2014,Central,Technology,1928.78,829.3754,2014-09
9/3/2014,Central,Office Supplies,352.38,81.0474,2014-09
3/6/2013,Central,Office Supplies,149.352,50.4063,2013-03
3/6/2013,Central,Office Supplies,12.992,-0.812,2013-03
12/5/2011,South,Office Supplies,24.56,6.8768,2011-12
4/11/2012,East,Technology,85.14,34.9074,2012-04
4/11/2012,East,Technology,21.99,10.5552,2012-04
4/11/2012,East,Office Supplies,406.6,113.848,2012-04
10/5/2012,South,Office Supplies,46.2,12.936,2012-10
10/5/2012,South,Office Supplies,28.84,9.5172,2012-10
9/3/2014,East,Office Supplies,12.192,4.1148,2014-09
11/6/2014,West,Technology,159.99,54.3966,2014-11
4/4/2014,East,Furniture,25.472,7.6416,2014-04
12/1/2014,South,Office Supplies,173.8,43.45,2014-12
9/2/2013,West,Office Supplies,21.88,10.94,2013-09
4/10/2014,East,Office Supplies,9.82,4.8118,2014-04
4/10/2014,East,Office Supplies,35.97,9.7119,2014-04
4/10/2014,East,Office Supplies,12.96,6.2208,2014-04
4/10/2014,East,Office Supplies,191.6,91.968,2014-04
4/10/2014,East,Office Supplies,8.64,4.2336,2014-04
4/10/2014,East,Office Supplies,501.81,0,2014-04
10/6/2014,East,Technology,160.93,3.2186,2014-10
10/6/2014,East,Office Supplies,75.792,25.5798,2014-10
7/10/2014,West,Office Supplies,1.08,-0.792,2014-07
1/8/2014,Central,Technology,3059.982,679.996,2014-01
12/9/2012,Central,Office Supplies,34.02,16.6698,2012-12
10/4/2013,East,Furniture,599.292,93.2232,2013-10
11/11/2011,West,Office Supplies,3.392,0.8056,2011-11
11/11/2011,West,Technology,559.984,55.9984,2011-11
11/11/2011,West,Furniture,603.92,75.49,2011-11
3/10/2012,Central,Office Supplies,1.112,-1.8904,2012-03
9/10/2013,East,Office Supplies,14.624,5.484,2013-09
11/6/2012,West,Office Supplies,7.08,2.478,2012-11
11/6/2012,West,Office Supplies,4.401,-3.5208,2012-11
8/2/2014,Central,Technology,95.984,5.999,2014-08
7/6/2012,East,Furniture,13.96,6.7008,2012-07
7/6/2012,East,Furniture,155.82,63.8862,2012-07
7/6/2012,East,Technology,124.95,2.499,2012-07
7/6/2012,East,Office Supplies,601.65,156.429,2012-07
1/11/2013,East,Office Supplies,15.552,5.4432,2013-01
1/11/2013,East,Office Supplies,63.312,20.5764,2013-01
1/11/2013,East,Technology,15.588,-9.8724,2013-01
7/11/2011,East,Office Supplies,177.2,83.284,2011-07
7/11/2011,East,Technology,197.97,57.4113,2011-07
7/11/2011,East,Furniture,854.94,213.735,2011-07
7/11/2011,East,Furniture,124.11,52.1262,2011-07
7/11/2011,East,Office Supplies,14.4,7.056,2011-07
9/7/2013,East,Technology,31.86,11.151,2013-09
9/7/2013,East,Furniture,722.352,90.294,2013-09
7/10/2014,Central,Office Supplies,8.84,2.9835,2014-07
7/10/2014,Central,Office Supplies,58.464,-146.16,2014-07
3/9/2013,South,Technology,1363.96,85.2475,2013-03
3/9/2013,South,Furniture,102.36,-3.8385,2013-03
7/3/2012,East,Furniture,168.464,-29.4812,2012-07
7/3/2012,East,Office Supplies,6.72,2.436,2012-07
7/3/2012,East,Furniture,282.888,56.5776,2012-07
4/4/2012,East,Office Supplies,11.16,4.3524,2012-04
4/4/2012,East,Furniture,108.4,22.764,2012-04
4/4/2012,East,Office Supplies,82.344,27.7911,2012-04
4/4/2012,East,Office Supplies,9.088,3.2944,2012-04
12/11/2014,West,Office Supplies,19.936,7.2268,2014-12
12/11/2014,West,Office Supplies,65.568,22.9488,2014-12
10/2/2013,West,Furniture,194.848,12.178,2013-10
3/2/2013,East,Furniture,836.592,-264.9208,2013-03
3/2/2013,East,Office Supplies,26.38,12.1348,2013-03
3/2/2013,East,Office Supplies,362.92,105.2468,2013-03
3/2/2013,East,Technology,4899.93,2400.9657,2013-03
6/5/2014,South,Furniture,31.984,1.999,2014-06
6/5/2014,South,Technology,71.984,25.1944,2014-06
12/6/2012,West,Office Supplies,120.15,33.642,2012-12
12/6/2012,West,Technology,219.184,19.1786,2012-12
9/4/2012,South,Office Supplies,279.9,137.151,2012-09
9/4/2012,South,Technology,619.95,111.591,2012-09
9/4/2012,South,Office Supplies,4.36,2.0492,2012-09
9/4/2012,South,Office Supplies,15.28,7.4872,2012-09
3/2/2012,Central,Office Supplies,10.16,2.6416,2012-03
3/2/2012,Central,Office Supplies,101.88,50.94,2012-03
12/7/2013,West,Office Supplies,19.44,9.3312,2013-12
6/6/2013,East,Office Supplies,124.608,-23.364,2013-06
6/6/2013,East,Office Supplies,7.56,2.646,2013-06
12/12/2013,South,Office Supplies,85.224,7.4571,2013-12
4/4/2012,Central,Office Supplies,644.076,107.346,2012-04
4/4/2012,Central,Office Supplies,5.84,2.628,2012-04
4/4/2012,Central,Office Supplies,12.76,5.8696,2012-04
4/4/2012,Central,Technology,10.95,0.438,2012-04
4/4/2012,Central,Technology,599.98,209.993,2012-04
5/8/2012,East,Furniture,8.352,1.2528,2012-05
1/1/2014,West,Office Supplies,3.64,1.638,2014-01
1/1/2014,West,Office Supplies,159.768,53.9217,2014-01
7/3/2013,West,Furniture,195.184,19.5184,2013-07
9/1/2011,West,Office Supplies,53.94,15.6426,2011-09
3/3/2011,East,Technology,9.99,4.5954,2011-03
3/3/2011,East,Office Supplies,125.76,40.872,2011-03
3/3/2011,East,Office Supplies,25.32,9.1785,2011-03
5/4/2011,Central,Office Supplies,46.8,21.06,2011-05
11/2/2012,West,Technology,447.93,49.2723,2012-11
12/9/2014,East,Furniture,109.48,33.9388,2014-12
12/9/2014,East,Office Supplies,272.94,0,2014-12
12/9/2014,East,Office Supplies,19.44,9.3312,2014-12
12/9/2014,East,Office Supplies,31.92,8.2992,2014-12
3/10/2011,Central,Office Supplies,22.38,10.7424,2011-03
12/2/2013,East,Furniture,172.5,51.75,2013-12
12/2/2013,East,Technology,179.97,44.9925,2013-12
4/9/2013,Central,Technology,431.928,64.7892,2013-04
4/9/2013,Central,Furniture,95.984,-4.1136,2013-04
4/9/2013,Central,Office Supplies,1088.792,-1850.9464,2013-04
8/2/2014,South,Technology,271.96,16.9975,2014-08
9/10/2014,East,Furniture,141.372,-48.4704,2014-09
9/10/2014,East,Office Supplies,3.036,-2.3276,2014-09
9/10/2014,East,Office Supplies,4.503,-3.6024,2014-09
9/10/2014,East,Office Supplies,4.672,1.5768,2014-09
9/10/2014,East,Technology,95.88,28.764,2014-09
9/10/2014,East,Furniture,17.024,1.7024,2014-09
9/10/2014,East,Technology,258.696,64.674,2014-09
9/10/2014,East,Technology,1931.958,-386.3916,2014-09
7/12/2011,West,Office Supplies,249.75,44.955,2011-07
7/12/2011,West,Technology,255.936,28.7928,2011-07
12/5/2013,East,Furniture,113.79,20.4822,2013-12
12/5/2013,East,Technology,78.15,34.386,2013-12
12/5/2013,East,Office Supplies,1.728,0.6048,2013-12
12/5/2013,East,Office Supplies,40.56,19.8744,2013-12
12/5/2013,East,Office Supplies,182.94,3.6588,2013-12
12/5/2013,East,Office Supplies,193.86,11.6316,2013-12
11/7/2014,West,Office Supplies,15.28,7.4872,2014-11
11/7/2014,West,Furniture,8.73,2.9682,2014-11
11/7/2014,West,Office Supplies,5.68,1.7608,2014-11
8/11/2011,West,Furniture,12.35,5.434,2011-08
8/11/2011,West,Office Supplies,40.97,10.6522,2011-08
8/11/2011,West,Office Supplies,22.96,10.7912,2011-08
12/12/2011,West,Furniture,764.688,95.586,2011-12
12/12/2011,West,Furniture,3610.848,135.4068,2011-12
12/12/2011,West,Furniture,254.9745,11.9988,2011-12
7/4/2012,Central,Technology,1099.96,285.9896,2012-07
3/11/2014,East,Office Supplies,5.248,0.5904,2014-03
3/11/2014,East,Technology,35.91,-8.379,2014-03
3/11/2014,East,Furniture,6.696,0.5022,2014-03
3/11/2014,East,Furniture,43.872,11.5164,2014-03
7/8/2014,East,Office Supplies,17.472,6.3336,2014-07
10/2/2013,Central,Technology,69.9,18.873,2013-10
10/2/2013,Central,Furniture,41.85,10.881,2013-10
9/3/2014,West,Office Supplies,6.57,1.7739,2014-09
6/5/2014,South,Office Supplies,12.48,5.616,2014-06
5/3/2013,Central,Office Supplies,86.352,5.397,2013-05
9/8/2011,South,Technology,32.97,12.8583,2011-09
9/8/2011,South,Technology,83.88,30.1968,2011-09
9/6/2013,Central,Technology,278.4,80.736,2013-09
4/10/2014,South,Office Supplies,15.12,4.914,2014-04
4/10/2014,South,Office Supplies,17.43,-13.363,2014-04
4/10/2014,South,Office Supplies,251.64,88.074,2014-04
12/6/2012,Central,Office Supplies,2.772,-4.851,2012-12
7/4/2012,East,Office Supplies,15.48,4.4892,2012-07
11/11/2013,West,Office Supplies,13.216,4.4604,2013-11
11/11/2013,West,Office Supplies,32.4,15.552,2013-11
12/9/2013,Central,Technology,114.95,2.299,2013-12
10/4/2012,West,Office Supplies,26.96,7.0096,2012-10
7/4/2014,South,Furniture,23.99,5.5177,2014-07
7/4/2014,South,Technology,287.97,77.7519,2014-07
12/10/2013,East,Office Supplies,3.69,1.7343,2013-12
12/10/2013,East,Office Supplies,122.12,56.1752,2013-12
12/11/2014,East,Technology,14.2,3.3725,2014-12
7/1/2011,South,Technology,575.92,71.99,2011-07
7/1/2011,South,Office Supplies,5.184,-3.6288,2011-07
2/4/2014,East,Office Supplies,5.229,-4.1832,2014-02
2/4/2014,East,Office Supplies,285.552,35.694,2014-02
3/4/2014,South,Office Supplies,72.8,19.656,2014-03
10/10/2014,South,Office Supplies,10.816,3.5152,2014-10
6/3/2014,East,Technology,2.97,-0.6435,2014-06
6/3/2014,East,Office Supplies,27.44,2.401,2014-06
5/6/2011,West,Office Supplies,140.736,52.776,2011-05
4/3/2014,West,Furniture,25.11,6.5286,2014-04
4/1/2014,East,Furniture,29.78,8.0406,2014-04
4/1/2014,East,Technology,677.58,176.1708,2014-04
4/1/2014,East,Office Supplies,75.04,36.0192,2014-04
1/3/2014,South,Technology,695.7,-27.828,2014-01
1/3/2014,South,Office Supplies,15.66,-12.528,2014-01
1/3/2014,South,Office Supplies,28.854,-21.1596,2014-01
10/3/2011,Central,Furniture,258.279,-70.1043,2011-10
5/5/2014,West,Technology,183.96,20.6955,2014-05
5/5/2014,West,Office Supplies,17.61,8.4528,2014-05
5/5/2014,West,Furniture,300.904,11.2839,2014-05
7/5/2011,Central,Office Supplies,220.776,-44.1552,2011-07
7/5/2011,Central,Office Supplies,281.424,-35.178,2011-07
5/6/2013,South,Office Supplies,79.14,36.4044,2013-05
11/11/2014,West,Office Supplies,38.388,-25.592,2014-11
11/11/2014,West,Technology,95.994,-63.996,2014-11
11/11/2014,West,Technology,239.952,-35.9928,2014-11
11/11/2014,West,Technology,201.584,15.1188,2014-11
11/11/2014,West,Furniture,899.136,-146.1096,2014-11
7/9/2014,West,Furniture,145.9,62.737,2014-07
3/8/2014,East,Technology,49.08,4.908,2014-03
4/1/2011,West,Office Supplies,29.6,14.8,2011-04
4/1/2011,West,Office Supplies,17.088,5.5536,2011-04
8/4/2011,West,Office Supplies,1089.75,305.13,2011-08
8/4/2011,West,Office Supplies,447.84,219.4416,2011-08
8/4/2011,West,Office Supplies,16.4,4.264,2011-08
8/4/2011,West,Technology,399.96,34.9965,2011-08
8/4/2011,West,Office Supplies,158.9,7.945,2011-08
8/4/2011,West,Office Supplies,13.184,4.7792,2011-08
9/4/2013,Central,Furniture,83.952,-90.2484,2013-09
2/5/2013,South,Office Supplies,80.98,1.6196,2013-02
2/5/2013,South,Office Supplies,348.84,170.9316,2013-02
2/5/2013,South,Office Supplies,9.45,0.189,2013-02
2/5/2013,South,Furniture,18.84,7.1592,2013-02
2/5/2013,South,Furniture,239.98,52.7956,2013-02
2/5/2013,South,Office Supplies,167.96,78.9412,2013-02
2/5/2013,South,Technology,104.85,28.3095,2013-02
2/5/2013,South,Technology,484.83,126.0558,2013-02
2/5/2013,South,Office Supplies,122.97,60.2553,2013-02
2/5/2013,South,Office Supplies,154.44,1.5444,2013-02
2/5/2013,South,Office Supplies,342.37,160.9139,2013-02
7/4/2014,South,Office Supplies,9.552,1.5522,2014-07
10/10/2014,Central,Furniture,652.45,-430.617,2014-10
10/10/2014,Central,Furniture,66.645,-42.6528,2014-10
11/2/2013,South,Technology,21.8,6.104,2013-11
11/2/2013,South,Office Supplies,251.79,118.3413,2013-11
4/6/2011,East,Office Supplies,10.304,-2.1896,2011-04
4/6/2011,East,Furniture,154.764,-36.1116,2011-04
4/6/2011,East,Technology,116.784,21.897,2011-04
9/3/2013,East,Office Supplies,75.48,19.6248,2013-09
9/3/2013,East,Furniture,39.98,9.995,2013-09
11/5/2014,Central,Office Supplies,23.68,8.88,2014-11
7/10/2013,East,Furniture,408.006,72.5344,2013-07
7/10/2013,East,Furniture,165.28,14.8752,2013-07
8/6/2014,South,Office Supplies,13.76,6.3296,2014-08
10/1/2012,West,Office Supplies,139.424,17.428,2012-10
5/1/2012,West,Technology,88.752,11.094,2012-05
5/4/2011,East,Furniture,27.46,9.8856,2011-05
12/1/2012,West,Office Supplies,55.424,19.3984,2012-12
3/12/2013,East,Furniture,244.006,-31.3722,2013-03
8/8/2011,West,Furniture,121.376,-3.0344,2011-08
8/8/2011,West,Technology,95.976,-10.7973,2011-08
12/10/2014,Central,Furniture,872.94,226.9644,2014-12
12/10/2014,Central,Office Supplies,41.54,19.5238,2014-12
12/10/2014,Central,Office Supplies,12.96,6.2208,2014-12
7/12/2014,West,Office Supplies,8.67,4.0749,2014-07
12/1/2012,Central,Furniture,6.688,-4.0128,2012-12
12/3/2013,West,Office Supplies,25.92,12.4416,2013-12
12/3/2013,West,Office Supplies,40.46,19.8254,2013-12
12/3/2013,West,Office Supplies,33.87,8.8062,2013-12
11/3/2012,West,Technology,1212.848,106.1242,2012-11
11/3/2012,West,Technology,89.97,37.7874,2012-11
11/3/2012,West,Furniture,42.6,16.614,2012-11
5/1/2014,East,Office Supplies,62.96,28.332,2014-05
9/5/2014,Central,Office Supplies,10.192,3.185,2014-09
9/5/2014,Central,Office Supplies,16.784,-0.2098,2014-09
9/5/2014,Central,Office Supplies,13.12,3.772,2014-09
8/1/2012,West,Office Supplies,6.72,3.36,2012-08
8/1/2012,West,Furniture,1004.976,-175.8708,2012-08
12/11/2014,Central,Office Supplies,34.5,15.525,2014-12
12/12/2014,East,Furniture,63.686,-9.098,2014-12
12/11/2014,West,Furniture,1669.6,116.872,2014-12
2/4/2011,West,Office Supplies,83.84,27.248,2011-02
2/4/2011,West,Office Supplies,13.272,4.3134,2011-02
2/12/2014,West,Office Supplies,21.336,7.7343,2014-02
12/6/2012,West,Furniture,206.112,48.9516,2012-12
12/6/2012,West,Office Supplies,19.92,6.723,2012-12
12/6/2012,West,Office Supplies,198.272,61.96,2012-12
12/6/2012,West,Office Supplies,247.104,-58.6872,2012-12
12/6/2012,West,Office Supplies,86.304,9.7092,2012-12
11/7/2012,East,Office Supplies,26.18,0.5236,2012-11
11/7/2012,East,Office Supplies,7.3,3.431,2012-11
9/1/2014,West,Office Supplies,10.744,0.8058,2014-09
9/1/2014,West,Office Supplies,8.376,2.7222,2014-09
12/5/2013,East,Office Supplies,212.88,0,2013-12
2/11/2014,West,Furniture,203.983,16.7986,2014-02
3/11/2011,East,Furniture,8.32,2.288,2011-03
3/11/2011,East,Office Supplies,10.464,1.7004,2011-03
2/5/2011,West,Office Supplies,82.896,29.0136,2011-02
2/5/2011,West,Office Supplies,34.24,16.0928,2011-02
7/6/2011,East,Technology,559.992,174.9975,2011-07
5/3/2011,Central,Office Supplies,21.56,10.3488,2011-05
2/6/2012,West,Office Supplies,5.28,1.5312,2012-02
9/5/2014,East,Technology,91.96,39.5428,2014-09
5/10/2013,East,Office Supplies,9.344,3.504,2013-05
5/10/2013,East,Office Supplies,79.36,9.92,2013-05
4/10/2013,West,Office Supplies,35.352,12.8151,2013-04
4/4/2011,West,Office Supplies,18.9,9.072,2011-04
9/6/2014,West,Office Supplies,2.78,0.7228,2014-09
7/1/2014,East,Furniture,1044.63,-295.9785,2014-07
11/9/2012,East,Office Supplies,11.352,4.1151,2012-11
3/4/2011,South,Office Supplies,354.9,17.745,2011-03
6/12/2014,West,Office Supplies,122.97,60.2553,2014-06
8/9/2012,East,Technology,307.98,89.3142,2012-08
8/9/2012,East,Furniture,382.806,-153.1224,2012-08
8/9/2012,East,Office Supplies,41.96,2.9372,2012-08
8/9/2012,East,Office Supplies,1217.568,456.588,2012-08
8/9/2012,East,Furniture,47.04,18.3456,2012-08
8/9/2012,East,Furniture,6.16,2.9568,2012-08
8/9/2012,East,Technology,979.95,274.386,2012-08
8/9/2012,East,Office Supplies,143.7,68.976,2012-08
8/9/2012,East,Office Supplies,10.65,5.0055,2012-08
8/9/2012,East,Technology,247.8,34.692,2012-08
5/9/2014,East,Furniture,47.992,-2.0568,2014-05
5/9/2013,East,Furniture,211.96,42.392,2013-05
12/12/2013,South,Office Supplies,6.672,1.668,2013-12
12/1/2014,East,Office Supplies,155.94,45.2226,2014-12
8/10/2012,Central,Office Supplies,3.75,1.8,2012-08
8/10/2012,Central,Office Supplies,41.4,19.872,2012-08
8/10/2012,Central,Office Supplies,29.79,12.5118,2012-08
9/11/2013,East,Office Supplies,59.48,8.922,2013-09
9/11/2013,East,Office Supplies,6.69,3.0774,2013-09
7/9/2014,West,Furniture,198.46,99.23,2014-07
7/9/2014,West,Office Supplies,786.48,385.3752,2014-07
7/9/2014,West,Office Supplies,23.168,7.8192,2014-07
7/9/2014,West,Technology,50,10.5,2014-07
5/9/2013,East,Office Supplies,1006.056,88.0299,2013-05
5/9/2013,East,Office Supplies,10.688,3.7408,2013-05
5/9/2013,East,Office Supplies,10.368,3.6288,2013-05
5/9/2013,East,Office Supplies,25.12,1.57,2013-05
5/9/2013,East,Technology,58.112,7.264,2013-05
11/1/2012,East,Technology,35.36,-3.094,2012-11
11/1/2012,East,Office Supplies,3.168,-0.7128,2012-11
5/12/2011,Central,Furniture,34.79,10.7849,2011-05
5/1/2014,East,Technology,677.58,-158.102,2014-05
5/1/2014,East,Office Supplies,13.896,-9.264,2014-05
1/10/2012,East,Furniture,1018.104,-373.3048,2012-01
7/4/2014,Central,Technology,167.968,62.988,2014-07
12/11/2012,South,Office Supplies,196.62,96.3438,2012-12
9/7/2011,East,Office Supplies,64.784,-14.5764,2011-09
9/7/2011,East,Technology,32.382,4.3176,2011-09
9/7/2011,East,Furniture,42.368,8.4736,2011-09
9/7/2011,East,Technology,399.54,-559.356,2011-09
11/8/2013,West,Furniture,14.82,6.2244,2013-11
12/11/2014,East,Office Supplies,10.368,3.6288,2014-12
12/11/2014,East,Furniture,310.88,23.316,2014-12
12/10/2014,Central,Office Supplies,33.45,15.387,2014-12
12/10/2014,Central,Office Supplies,10.4,5.096,2014-12
6/3/2011,West,Furniture,515.88,113.4936,2011-06
2/3/2011,West,Office Supplies,12.35,5.8045,2011-02
3/9/2013,West,Office Supplies,9.702,-7.1148,2013-03
9/9/2014,Central,Furniture,765.625,-566.5625,2014-09
10/8/2014,West,Furniture,307.666,-14.4784,2014-10
5/1/2013,East,Office Supplies,7.712,2.7956,2013-05
2/7/2013,South,Technology,100,21,2013-02
2/7/2013,South,Office Supplies,7.83,3.6018,2013-02
7/11/2013,Central,Office Supplies,338.04,-33.804,2013-07
7/11/2013,Central,Office Supplies,154.24,17.352,2013-07
9/3/2012,West,Office Supplies,31.44,8.4888,2012-09
9/3/2012,West,Technology,17.9,3.401,2012-09
9/3/2012,West,Technology,129.45,46.602,2012-09
8/9/2011,West,Office Supplies,20.88,9.6048,2011-08
6/6/2011,East,Office Supplies,13.36,4.9432,2011-06
12/3/2014,West,Office Supplies,559.62,151.0974,2014-12
12/3/2014,West,Office Supplies,109.92,53.8608,2014-12
12/3/2014,West,Office Supplies,8.56,3.852,2014-12
12/8/2012,Central,Office Supplies,360.712,130.7581,2012-12
12/8/2012,Central,Technology,1718.4,150.36,2012-12
5/11/2011,Central,Technology,46.864,7.6154,2011-05
1/6/2011,East,Office Supplies,19.536,4.884,2011-01
9/5/2012,West,Furniture,411.332,-4.8392,2012-09
9/5/2012,West,Office Supplies,28.752,9.7038,2012-09
9/5/2012,West,Furniture,293.199,-20.6964,2012-09
8/5/2013,South,Office Supplies,35.06,10.518,2013-08
8/5/2013,South,Office Supplies,4.13,1.8998,2013-08
8/5/2013,South,Furniture,109.8,46.116,2013-08
8/5/2013,South,Office Supplies,9.82,4.8118,2013-08
3/3/2014,Central,Office Supplies,6.976,-1.3952,2014-03
3/3/2014,Central,Office Supplies,12.222,-20.1663,2014-03
11/12/2013,East,Technology,59.97,14.9925,2013-11
11/12/2013,East,Office Supplies,83.36,20.84,2013-11
7/9/2012,East,Office Supplies,6.58,3.0268,2012-07
7/9/2012,East,Office Supplies,122.94,59.0112,2012-07
12/1/2011,Central,Furniture,2807.84,673.8816,2011-12
12/1/2011,Central,Office Supplies,46.64,12.5928,2011-12
12/8/2011,Central,Office Supplies,60.416,6.0416,2011-12
9/6/2013,Central,Office Supplies,107.94,26.985,2013-09
7/8/2013,West,Furniture,215.65,73.321,2013-07
8/9/2013,Central,Office Supplies,11.168,3.6296,2013-08
8/9/2013,Central,Office Supplies,53.952,17.5344,2013-08
2/11/2013,Central,Technology,69.93,0.6993,2013-02
6/9/2011,South,Furniture,1441.3,245.021,2011-06
6/4/2012,West,Office Supplies,7.38,3.4686,2012-06
6/4/2012,West,Office Supplies,9.26,3.0558,2012-06
2/8/2013,South,Technology,1127.976,126.8973,2013-02
11/5/2012,South,Furniture,207,25.875,2012-11
8/2/2014,Central,Technology,1439.982,-263.9967,2014-08
8/2/2014,Central,Office Supplies,36.288,12.7008,2014-08
8/1/2011,South,Office Supplies,17.544,5.9211,2011-08
8/1/2011,South,Furniture,44.128,12.1352,2011-08
8/1/2011,South,Office Supplies,62.92,10.2245,2011-08
8/1/2011,South,Office Supplies,78.304,29.364,2011-08
2/9/2012,Central,Office Supplies,40.096,13.5324,2012-02
2/9/2012,Central,Furniture,40.784,-30.588,2012-02
9/11/2014,West,Furniture,362.352,27.1764,2014-09
9/11/2014,West,Office Supplies,7.184,2.245,2014-09
9/3/2012,East,Office Supplies,137.62,60.5528,2012-09
9/3/2012,East,Technology,100.49,25.1225,2012-09
11/12/2011,Central,Office Supplies,49.632,4.9632,2011-11
6/4/2011,East,Office Supplies,16.224,5.8812,2011-06
3/11/2013,East,Furniture,176.784,-22.098,2013-03
3/5/2012,East,Office Supplies,29.34,14.67,2012-03
3/5/2012,East,Furniture,383.607,63.9345,2012-03
3/5/2012,East,Office Supplies,563.4,67.608,2012-03
12/3/2014,South,Office Supplies,34.65,10.395,2014-12
10/4/2014,Central,Office Supplies,1793.98,843.1706,2014-10
2/3/2012,West,Furniture,136.92,41.076,2012-02
7/4/2014,Central,Office Supplies,273.896,92.4399,2014-07
7/4/2014,Central,Technology,597.132,49.761,2014-07
5/1/2014,South,Office Supplies,4.608,1.6704,2014-05
5/1/2014,South,Office Supplies,15.528,4.8525,2014-05
5/1/2014,South,Office Supplies,11.952,3.8844,2014-05
11/8/2012,East,Office Supplies,11.65,3.3785,2012-11
10/3/2012,East,Office Supplies,15.008,1.5008,2012-10
7/9/2013,Central,Technology,863.64,107.955,2013-07
7/9/2013,Central,Office Supplies,47.616,3.5712,2013-07
12/6/2014,West,Office Supplies,92.94,41.823,2014-12
3/10/2014,West,Technology,199.98,69.993,2014-03
6/10/2013,West,Technology,177.48,19.9665,2013-06
8/7/2014,South,Furniture,145.74,23.3184,2014-08
8/7/2014,South,Furniture,15.4,7.392,2014-08
7/9/2013,West,Office Supplies,19.968,-13.312,2013-07
7/9/2013,West,Office Supplies,33.488,-1.2558,2013-07
7/9/2013,West,Office Supplies,8.736,-6.1152,2013-07
7/9/2013,West,Furniture,662.88,74.574,2013-07
9/3/2014,East,Office Supplies,23.1,6.468,2014-09
9/3/2014,East,Furniture,11.54,3.462,2014-09
9/3/2014,East,Furniture,254.526,-93.3262,2014-09
9/3/2014,East,Office Supplies,12.98,3.7642,2014-09
9/3/2014,East,Office Supplies,26.432,8.9208,2014-09
9/3/2014,East,Technology,197.97,57.4113,2014-09
9/3/2014,East,Office Supplies,18.9,9.072,2014-09
9/3/2014,East,Furniture,1282.41,213.735,2014-09
9/3/2014,East,Office Supplies,4.92,2.214,2014-09
9/3/2014,East,Technology,238,38.08,2014-09
9/3/2014,East,Technology,167.97,40.3128,2014-09
9/3/2014,East,Office Supplies,17.12,7.704,2014-09
9/11/2014,Central,Office Supplies,16.2,7.776,2014-09
9/11/2014,Central,Office Supplies,33.99,14.6157,2014-09
9/11/2014,Central,Technology,296.85,53.433,2014-09
9/11/2014,Central,Technology,112.8,6.768,2014-09
9/11/2014,Central,Office Supplies,13.71,6.5808,2014-09
9/11/2014,Central,Office Supplies,24.9,11.703,2014-09
9/11/2014,Central,Office Supplies,286.29,17.1774,2014-09
9/11/2014,Central,Office Supplies,24.18,7.254,2014-09
5/7/2014,Central,Office Supplies,6.408,0.6408,2014-05
5/7/2014,Central,Technology,408.744,76.6395,2014-05
5/8/2012,West,Office Supplies,5.248,0.5904,2012-05
12/3/2011,Central,Technology,479.96,134.3888,2011-12
11/9/2012,Central,Office Supplies,17.22,7.9212,2012-11
11/9/2012,Central,Furniture,1024.38,215.1198,2012-11
11/9/2012,Central,Office Supplies,26.22,12.3234,2012-11
11/9/2012,Central,Office Supplies,17.34,8.4966,2012-11
12/3/2014,Central,Office Supplies,294.62,-766.012,2014-12
12/3/2014,Central,Furniture,8.752,-3.7196,2014-12
2/7/2011,South,Office Supplies,15,7.2,2011-02
2/7/2011,South,Technology,161.61,42.0186,2011-02
2/7/2011,South,Technology,144.95,42.0355,2011-02
4/12/2014,West,Technology,199.95,21.9945,2014-04
4/12/2014,West,Office Supplies,41.86,14.2324,2014-04
4/12/2014,Central,Office Supplies,11.364,-17.046,2014-04
8/4/2014,Central,Furniture,183.372,-36.6744,2014-08
12/11/2012,Central,Technology,159.984,35.9964,2012-12
12/11/2012,Central,Office Supplies,46.344,4.6344,2012-12
9/9/2013,West,Office Supplies,33.024,11.5584,2013-09
9/9/2013,West,Office Supplies,67.136,23.4976,2013-09
12/10/2013,Central,Office Supplies,9.392,3.2872,2013-12
12/10/2013,Central,Office Supplies,9.328,0.8162,2013-12
10/2/2012,West,Office Supplies,57.504,20.1264,2012-10
7/11/2012,East,Furniture,289.8,36.225,2012-07
7/11/2012,East,Office Supplies,2.502,-2.0016,2012-07
7/11/2012,East,Office Supplies,6.48,-4.752,2012-07
7/11/2012,East,Furniture,341.488,-73.176,2012-07
7/11/2012,East,Office Supplies,11.12,0.834,2012-07
7/11/2012,East,Furniture,25.344,3.4848,2012-07
12/2/2013,Central,Furniture,17.31,5.193,2013-12
11/8/2014,West,Technology,59.97,13.7931,2014-11
11/8/2014,West,Technology,761.544,66.6351,2014-11
12/1/2011,West,Furniture,58.2,28.518,2011-12
9/8/2014,West,Office Supplies,37.68,2.355,2014-09
9/8/2014,West,Technology,279.944,80.4839,2014-09
3/10/2011,West,Office Supplies,636.408,-15.9102,2011-03
3/10/2011,West,Office Supplies,83.168,9.3564,2011-03
10/12/2012,East,Furniture,209.67,-13.978,2012-10
1/8/2014,South,Office Supplies,2.808,-1.9656,2014-01
11/10/2014,West,Furniture,215.976,-2.6997,2014-11
12/2/2014,East,Office Supplies,104.68,35.3295,2014-12
12/2/2014,East,Technology,62.958,9.4437,2014-12
10/4/2012,East,Furniture,64.944,6.4944,2012-10
10/4/2012,East,Office Supplies,20.736,7.2576,2012-10
6/6/2011,East,Office Supplies,149.544,50.4711,2011-06
6/6/2011,East,Office Supplies,17.14,4.4564,2011-06
6/6/2011,East,Furniture,991.764,-347.1174,2011-06
9/2/2013,East,Office Supplies,30.48,9.906,2013-09
9/2/2013,East,Technology,23.988,-4.7976,2013-09
9/2/2013,East,Office Supplies,16.688,5.4236,2013-09
12/12/2011,West,Furniture,43.31,4.331,2011-12
4/1/2014,East,Technology,84.95,22.087,2014-04
5/1/2013,Central,Furniture,22.608,-10.1736,2013-05
9/4/2013,Central,Office Supplies,8.808,-14.9736,2013-09
1/7/2013,West,Office Supplies,34.58,10.0282,2013-01
8/1/2011,West,Office Supplies,19.752,6.9132,2011-08
5/8/2013,East,Office Supplies,85.232,30.8966,2013-05
5/8/2013,East,Office Supplies,44.4,22.2,2013-05
5/8/2013,East,Furniture,442.764,59.0352,2013-05
5/8/2013,East,Technology,3999.95,1159.9855,2013-05
5/8/2013,East,Technology,199.95,21.9945,2013-05
5/8/2013,East,Furniture,63.68,28.0192,2013-05
8/2/2014,West,Office Supplies,54.896,18.5274,2014-08
8/11/2014,Central,Office Supplies,70.08,35.04,2014-08
8/11/2014,Central,Furniture,121.3,25.473,2014-08
8/11/2014,Central,Technology,1454.49,378.1674,2014-08
12/11/2013,West,Office Supplies,153.552,51.8238,2013-12
12/11/2013,West,Office Supplies,65.34,22.869,2013-12
12/11/2013,West,Office Supplies,123.92,55.764,2013-12
12/11/2013,West,Office Supplies,35.1,12.285,2013-12
12/11/2013,West,Technology,44.75,8.5025,2013-12
12/2/2013,South,Office Supplies,4.704,0.4116,2013-12
6/1/2011,South,Furniture,22.2,9.102,2011-06
6/1/2011,South,Technology,881.93,229.3018,2011-06
9/6/2012,West,Office Supplies,6.096,2.1336,2012-09
9/6/2012,West,Furniture,191.82,74.8098,2012-09
9/11/2013,South,Office Supplies,67.56,8.445,2013-09
10/2/2014,West,Office Supplies,1.44,0.504,2014-10
10/2/2014,West,Office Supplies,61.776,20.8494,2014-10
10/2/2014,West,Office Supplies,241.96,60.49,2014-10
10/2/2014,West,Furniture,108.608,9.5032,2014-10
12/6/2012,East,Technology,485.94,-89.089,2012-12
12/6/2012,East,Office Supplies,37.376,4.672,2012-12
12/6/2012,East,Furniture,70.686,-24.2352,2012-12
8/1/2014,East,Office Supplies,54.816,17.8152,2014-08
10/2/2013,East,Furniture,330.588,-115.7058,2013-10
7/10/2014,Central,Office Supplies,228.92,14.3075,2014-07
12/6/2014,East,Technology,205.03,67.6599,2014-12
11/8/2012,West,Office Supplies,5,2.4,2012-11
11/8/2012,West,Technology,371.97,66.9546,2012-11
2/7/2014,South,Furniture,359.97,79.1934,2014-02
12/3/2014,South,Office Supplies,47.96,4.1965,2014-12
3/6/2012,West,Furniture,435.26,95.7572,2012-03
3/6/2012,West,Technology,1119.984,377.9946,2012-03
10/3/2011,West,Furniture,143.432,3.5858,2011-10
10/3/2011,West,Furniture,122.352,13.7646,2011-10
9/4/2013,East,Office Supplies,48.16,22.1536,2013-09
3/5/2012,Central,Technology,23.92,6.6976,2012-03
3/5/2012,Central,Office Supplies,60.69,16.3863,2012-03
5/6/2013,South,Office Supplies,14.352,5.2026,2013-05
6/2/2014,East,Office Supplies,17.48,1.311,2014-06
6/11/2014,West,Office Supplies,16.4,4.756,2014-06
1/9/2014,West,Furniture,892.98,80.3682,2014-01
11/1/2012,East,Technology,4.95,1.3365,2012-11
11/1/2012,East,Office Supplies,13.52,6.2192,2012-11
11/1/2012,East,Furniture,259.7,106.477,2012-11
11/1/2012,East,Technology,42.95,1.2885,2012-11
11/1/2012,East,Technology,1399.93,601.9699,2012-11
11/1/2012,East,Technology,503.96,125.99,2012-11
8/6/2012,Central,Office Supplies,27.216,9.8658,2012-08
11/6/2014,East,Technology,390.75,171.93,2014-11
6/12/2014,West,Furniture,280.792,35.099,2014-06
6/12/2014,West,Office Supplies,68.448,7.7004,2014-06
6/12/2014,West,Office Supplies,88.04,6.603,2014-06
6/12/2014,West,Office Supplies,15.872,1.984,2014-06
6/12/2014,West,Office Supplies,215.592,-48.5082,2014-06
12/11/2014,East,Office Supplies,10.86,5.1042,2014-12
12/11/2014,East,Office Supplies,426.79,123.7691,2014-12
11/11/2013,South,Office Supplies,41.86,10.465,2013-11
12/3/2014,West,Office Supplies,9.024,3.1584,2014-12
12/3/2014,West,Office Supplies,69.456,22.5732,2014-12
12/3/2014,West,Office Supplies,10.86,5.3214,2014-12
12/3/2014,West,Office Supplies,79.47,22.2516,2014-12
12/3/2014,West,Office Supplies,10.08,5.04,2014-12
2/11/2014,East,Office Supplies,23.12,11.3288,2014-02
7/8/2014,East,Technology,252,93.24,2014-07
7/8/2013,Central,Furniture,60.288,-27.1296,2013-07
7/8/2013,Central,Office Supplies,2.632,0.8225,2013-07
7/8/2013,Central,Office Supplies,23.688,7.6986,2013-07
7/8/2013,Central,Furniture,253.372,-14.4784,2013-07
12/6/2012,West,Office Supplies,32.75,15.065,2012-12
5/7/2013,East,Office Supplies,7.216,1.7138,2013-05
5/7/2013,East,Office Supplies,49.568,15.49,2013-05
5/7/2013,East,Furniture,54.712,11.6263,2013-05
12/12/2012,West,Office Supplies,7.86,3.6156,2012-12
12/12/2012,West,Office Supplies,24.448,8.8624,2012-12
12/6/2012,East,Office Supplies,6.48,3.1104,2012-12
12/6/2012,East,Office Supplies,41.86,20.5114,2012-12
12/6/2012,East,Technology,1619.91,97.1946,2012-12
12/6/2012,East,Furniture,113.92,42.1504,2012-12
9/10/2014,South,Office Supplies,628.81,12.5762,2014-09
9/10/2014,South,Office Supplies,56.45,14.677,2014-09
4/2/2014,Central,Office Supplies,94.2,23.55,2014-04
4/2/2014,Central,Office Supplies,28.4,13.348,2014-04
10/8/2014,West,Technology,1115.91,200.8638,2014-10
10/8/2014,West,Technology,128.744,-28.9674,2014-10
10/8/2014,West,Technology,79.92,26.973,2014-10
8/1/2011,East,Office Supplies,5.68,1.917,2011-08
6/7/2012,West,Office Supplies,7.52,2.632,2012-06
11/12/2011,West,Office Supplies,11.96,5.8604,2011-11
11/12/2011,West,Furniture,629.064,31.4532,2011-11
7/6/2012,East,Furniture,301.96,60.392,2012-07
11/10/2014,West,Office Supplies,63.56,3.178,2014-11
11/10/2014,West,Technology,99.99,43.9956,2014-11
6/12/2013,Central,Office Supplies,1.344,-2.1504,2013-06
6/12/2013,Central,Office Supplies,8.272,-13.6488,2013-06
6/12/2013,Central,Furniture,12.544,-9.0944,2013-06
7/4/2014,West,Furniture,545.85,114.6285,2014-07
11/1/2013,East,Furniture,492.835,-14.081,2013-11
11/6/2013,West,Office Supplies,29.12,9.828,2013-11
7/11/2012,West,Office Supplies,29.97,13.4865,2012-07
7/11/2012,West,Office Supplies,98.352,34.4232,2012-07
12/4/2014,East,Office Supplies,83.92,29.372,2014-12
12/4/2014,East,Office Supplies,14.624,5.1184,2014-12
12/4/2014,East,Technology,136.99,36.9873,2014-12
12/4/2014,East,Office Supplies,3.15,1.512,2014-12
5/5/2014,South,Office Supplies,9.11,4.0995,2014-05
5/5/2014,South,Office Supplies,571.44,165.7176,2014-05
5/5/2014,South,Office Supplies,32.4,15.552,2014-05
5/5/2014,South,Office Supplies,16.91,4.5657,2014-05
11/4/2013,West,Furniture,217.584,-29.9178,2013-11
11/4/2013,West,Technology,82.95,29.0325,2013-11
11/4/2013,West,Office Supplies,87.71,41.2237,2013-11
11/4/2013,West,Office Supplies,1101.48,429.5772,2013-11
9/5/2014,West,Furniture,1322.352,-99.1764,2014-09
1/2/2012,East,Office Supplies,85.52,22.2352,2012-01
1/2/2012,East,Office Supplies,9.84,2.6568,2012-01
1/2/2012,East,Office Supplies,20.04,9.6192,2012-01
10/9/2012,East,Technology,631.96,303.3408,2012-10
10/9/2012,East,Office Supplies,23.92,10.764,2012-10
9/11/2013,Central,Furniture,300.93,-34.392,2013-09
9/11/2013,Central,Technology,719.96,53.997,2013-09
7/2/2012,Central,Office Supplies,32.784,-85.2384,2012-07
3/3/2014,West,Technology,196.776,14.7582,2014-03
3/3/2014,West,Technology,479.94,52.7934,2014-03
12/3/2014,South,Office Supplies,45.66,-33.484,2014-12
11/12/2013,Central,Technology,95.968,1.1996,2013-11
11/12/2013,Central,Furniture,47.992,-2.0568,2013-11
9/5/2011,East,Office Supplies,264.32,19.824,2011-09
5/3/2014,East,Furniture,129.93,12.993,2014-05
4/6/2012,Central,Office Supplies,42.048,5.256,2012-04
4/6/2012,Central,Technology,25.488,4.4604,2012-04
4/6/2012,Central,Office Supplies,6.9,-12.075,2012-04
4/6/2012,Central,Office Supplies,9.648,-16.884,2012-04
4/6/2012,Central,Office Supplies,7.968,2.8884,2012-04
9/6/2012,West,Technology,46.32,18.0648,2012-09
5/1/2013,West,Furniture,111.888,22.3776,2013-05
9/9/2013,East,Furniture,173.94,13.9152,2013-09
9/9/2013,East,Office Supplies,14.76,6.9372,2013-09
10/9/2013,Central,Furniture,51.712,-32.32,2013-10
11/2/2014,West,Office Supplies,25.12,7.85,2014-11
11/2/2014,West,Furniture,2665.62,239.9058,2014-11
9/8/2014,East,Office Supplies,478.08,133.8624,2014-09
7/10/2014,Central,Furniture,526.45,31.587,2014-07
11/3/2012,Central,Office Supplies,6.608,2.1476,2012-11
7/1/2014,East,Office Supplies,248.57,67.1139,2014-07
7/1/2014,East,Furniture,22.23,9.7812,2014-07
5/6/2013,West,Office Supplies,5.98,1.0166,2013-05
5/6/2013,West,Technology,246.168,21.5397,2013-05
9/9/2013,Central,Furniture,14.136,-7.7748,2013-09
9/9/2013,Central,Furniture,601.47,-300.735,2013-09
6/5/2013,East,Office Supplies,14.94,7.0218,2013-06
6/5/2013,East,Technology,1349.85,364.4595,2013-06
6/5/2013,East,Furniture,136.784,5.1294,2013-06
6/5/2013,East,Furniture,61.12,20.7808,2013-06
3/5/2013,West,Office Supplies,16.99,4.9271,2013-03
4/2/2014,West,Office Supplies,5.78,2.7166,2014-04
4/2/2014,West,Office Supplies,121.68,38.025,2014-04
12/3/2011,Central,Office Supplies,25.92,12.4416,2011-12
9/10/2012,Central,Office Supplies,14.94,7.0218,2012-09
7/5/2012,South,Furniture,4.928,0.7392,2012-07
7/5/2012,South,Office Supplies,7.23,-5.784,2012-07
9/7/2011,Central,Furniture,57.69,23.6529,2011-09
9/7/2011,Central,Office Supplies,42.81,20.1207,2011-09
9/7/2011,Central,Office Supplies,12.96,6.2208,2011-09
9/7/2011,Central,Furniture,821.88,213.6888,2011-09
9/7/2011,Central,Technology,104.85,28.3095,2011-09
5/2/2013,South,Office Supplies,3.984,1.2948,2013-05
5/2/2013,South,Furniture,370.62,-142.071,2013-05
5/2/2013,South,Office Supplies,2.742,-2.0108,2013-05
10/2/2013,Central,Technology,79.512,20.8719,2013-10
10/2/2013,Central,Office Supplies,28.352,9.5688,2013-10
9/9/2011,East,Office Supplies,166.44,79.8912,2011-09
9/9/2011,East,Furniture,785.88,212.1876,2011-09
9/9/2011,East,Office Supplies,26.2,12.838,2011-09
9/9/2011,East,Office Supplies,1325.85,238.653,2011-09
12/4/2014,West,Office Supplies,166.44,79.8912,2014-12
9/7/2013,South,Office Supplies,95.952,29.985,2013-09
9/7/2013,South,Office Supplies,3.204,-2.4564,2013-09
8/5/2013,Central,Office Supplies,3.98,-6.567,2013-08
11/12/2012,West,Office Supplies,15.7,7.065,2012-11
12/5/2014,East,Office Supplies,5.346,-4.455,2014-12
2/7/2013,East,Office Supplies,30.352,10.6232,2013-02
7/12/2014,East,Technology,132.6,17.238,2014-07
12/11/2012,South,Office Supplies,12.828,-8.9796,2012-12
10/10/2014,East,Furniture,45.888,9.1776,2014-10
12/1/2012,West,Office Supplies,13.9,5.56,2012-12
12/4/2011,East,Technology,129.98,62.3904,2011-12
9/7/2011,East,Technology,377.97,109.6113,2011-09
12/6/2011,Central,Furniture,23.976,-14.3856,2011-12
11/4/2011,South,Office Supplies,8.376,2.7222,2011-11
11/4/2011,South,Office Supplies,58.24,5.096,2011-11
10/4/2011,West,Office Supplies,14.45,6.7915,2011-10
10/4/2011,West,Office Supplies,95.648,31.0856,2011-10
11/8/2014,East,Technology,359.97,-71.994,2014-11
11/8/2014,East,Furniture,350.352,-140.1408,2014-11
7/2/2011,East,Technology,73.98,19.9746,2011-07
7/2/2011,East,Office Supplies,5.58,2.1762,2011-07
11/4/2011,West,Furniture,35.34,13.4292,2011-11
8/8/2014,South,Technology,79.992,21.9978,2014-08
5/12/2011,East,Furniture,700.056,-130.0104,2011-05
12/4/2012,South,Office Supplies,8.226,-6.0324,2012-12
6/8/2011,West,Furniture,585.552,73.194,2011-06
8/8/2011,West,Office Supplies,423.28,110.0528,2011-08
6/12/2013,East,Technology,239.97,71.991,2013-06
3/12/2013,South,Furniture,76.92,31.5372,2013-03
3/12/2013,South,Office Supplies,481.32,125.1432,2013-03
4/2/2012,Central,Office Supplies,32.192,-80.48,2012-04
4/2/2012,Central,Technology,50.12,-0.6265,2012-04
4/2/2012,Central,Technology,47.976,1.7991,2012-04
9/4/2013,Central,Office Supplies,54.5,14.17,2013-09
12/11/2014,South,Furniture,19.104,5.7312,2014-12
11/12/2014,East,Office Supplies,10.368,3.6288,2014-11
5/1/2014,South,Furniture,23.68,6.216,2014-05
5/1/2014,South,Technology,2.376,0.7425,2014-05
5/7/2014,East,Office Supplies,59.2,29.6,2014-05
11/12/2013,Central,Technology,257.98,74.8142,2013-11
11/6/2013,East,Technology,23.988,-15.992,2013-11
10/10/2013,East,Technology,23.976,-15.5844,2013-10
12/2/2011,Central,Furniture,58.36,-24.803,2011-12
12/2/2011,Central,Office Supplies,16.464,1.4406,2011-12
12/2/2011,Central,Furniture,39.96,-23.976,2011-12
4/12/2011,West,Technology,1075.088,94.0702,2011-04
4/12/2011,West,Technology,438.368,38.3572,2011-04
4/12/2011,West,Office Supplies,18.088,6.5569,2011-04
4/12/2011,West,Furniture,308.499,-18.147,2011-04
11/1/2012,West,Office Supplies,7.88,1.773,2012-11
11/4/2014,West,Furniture,41.37,17.3754,2014-11
5/12/2012,West,Office Supplies,12.84,5.778,2012-05
5/12/2012,West,Office Supplies,25.68,11.556,2012-05
9/7/2012,Central,Furniture,47.516,-2.0364,2012-09
9/1/2012,East,Office Supplies,114.6,51.57,2012-09
9/1/2012,East,Furniture,60.74,15.185,2012-09
9/1/2012,East,Furniture,124.36,27.3592,2012-09
9/1/2012,East,Office Supplies,1088.76,315.7404,2012-09
5/6/2013,West,Office Supplies,6.72,2.352,2013-05
5/6/2013,West,Furniture,298.776,7.4694,2013-05
1/1/2014,West,Technology,302.376,22.6782,2014-01
11/1/2011,West,Office Supplies,443.92,-94.333,2011-11
11/1/2011,West,Technology,155.976,54.5916,2011-11
11/12/2014,West,Office Supplies,10.89,2.8314,2014-11
11/12/2014,West,Office Supplies,19.44,9.3312,2014-11
11/12/2014,West,Office Supplies,121.6,39.52,2014-11
6/10/2013,South,Technology,695.7,-27.828,2013-06
9/3/2012,East,Office Supplies,120.33,31.2858,2012-09
9/1/2014,South,Office Supplies,229.544,83.2097,2014-09
9/11/2014,Central,Office Supplies,762.594,-1143.891,2014-09
4/9/2014,South,Furniture,56.28,15.7584,2014-04
4/9/2014,South,Office Supplies,2690.97,1264.7559,2014-04
6/3/2013,East,Office Supplies,64.784,-12.9568,2013-06
11/11/2013,East,Office Supplies,14.72,-3.312,2013-11
11/11/2013,East,Office Supplies,38.976,-2.436,2013-11
11/12/2013,West,Furniture,6.96,2.2272,2013-11
11/3/2014,West,Office Supplies,23.85,10.7325,2014-11
1/4/2013,South,Technology,959.968,119.996,2013-01
9/12/2012,East,Technology,479.984,59.998,2012-09
9/12/2012,East,Office Supplies,12.6,6.048,2012-09
9/12/2014,South,Office Supplies,184.66,84.9436,2014-09
11/4/2014,Central,Office Supplies,8.56,3.852,2014-11
11/4/2014,Central,Office Supplies,52.4,14.148,2014-11
11/4/2014,Central,Office Supplies,14.94,6.8724,2014-11
11/5/2012,South,Office Supplies,387.136,24.196,2012-11
10/12/2012,Central,Technology,135.72,35.2872,2012-10
10/12/2012,Central,Office Supplies,12.56,5.652,2012-10
10/12/2012,Central,Technology,263.96,71.2692,2012-10
9/2/2011,East,Office Supplies,19.9,8.955,2011-09
9/2/2011,East,Furniture,70.71,4.9497,2011-09
7/11/2014,South,Furniture,18.84,7.9128,2014-07
6/5/2014,Central,Office Supplies,8.64,2.5056,2014-06
8/8/2012,West,Office Supplies,6.608,2.2302,2012-08
8/8/2012,West,Office Supplies,7.28,2.73,2012-08
8/8/2012,West,Furniture,144.784,10.8588,2012-08
12/7/2013,West,Technology,156.792,13.7193,2013-12
12/7/2013,West,Technology,431.976,26.9985,2013-12
12/7/2013,West,Office Supplies,35.89,16.1505,2013-12
12/7/2013,West,Office Supplies,47.208,15.3426,2013-12
12/7/2013,West,Office Supplies,248.08,116.5976,2013-12
12/7/2013,West,Office Supplies,189.7,89.159,2013-12
12/7/2013,West,Office Supplies,59.808,19.4376,2013-12
11/5/2013,West,Furniture,38.29,16.4647,2013-11
5/5/2014,East,Office Supplies,2.313,-1.9275,2014-05
11/7/2014,South,Office Supplies,499.584,43.7136,2014-11
11/7/2014,South,Office Supplies,31.104,10.8864,2014-11
11/7/2014,South,Office Supplies,13.272,-10.6176,2014-11
11/7/2014,South,Furniture,28.272,6.3612,2014-11
11/7/2014,South,Office Supplies,259.136,-51.8272,2014-11
5/7/2012,Central,Furniture,244.006,-31.3722,2012-05
5/7/2012,Central,Office Supplies,15.936,5.3784,2012-05
12/5/2014,East,Furniture,188.552,-2.6936,2014-12
10/4/2014,East,Office Supplies,22.58,5.8708,2014-10
6/12/2012,East,Office Supplies,20.736,7.2576,2012-06
6/12/2012,East,Furniture,43.296,4.3296,2012-06
7/12/2011,West,Furniture,123.136,13.8528,2011-07
7/12/2011,West,Office Supplies,11.264,3.8016,2011-07
12/6/2011,West,Office Supplies,53.424,4.6746,2011-12
12/6/2011,West,Furniture,275.49,-170.8038,2011-12
10/3/2013,East,Office Supplies,61.44,16.5888,2013-10
3/12/2014,Central,Office Supplies,895.92,421.0824,2014-03
9/10/2013,West,Office Supplies,55.36,18.684,2013-09
7/5/2012,Central,Office Supplies,19,8.93,2012-07
9/9/2013,East,Office Supplies,207.48,62.244,2013-09
12/6/2013,South,Furniture,191.82,74.8098,2013-12
11/8/2012,West,Office Supplies,5.04,0.2016,2012-11
11/8/2012,West,Office Supplies,92.94,41.823,2012-11
11/8/2012,West,Furniture,66.69,22.0077,2012-11
11/8/2012,West,Office Supplies,91.68,28.65,2012-11
11/8/2012,East,Office Supplies,52.272,17.6418,2012-11
11/8/2012,East,Office Supplies,17.94,8.073,2012-11
6/11/2012,South,Technology,53.7,10.203,2012-06
6/11/2012,South,Office Supplies,36.26,16.6796,2012-06
6/11/2012,South,Office Supplies,56.3,15.764,2012-06
6/11/2012,South,Office Supplies,32.4,15.552,2012-06
6/11/2012,South,Furniture,29.16,10.7892,2012-06
10/4/2014,West,Furniture,171.288,-6.4233,2014-10
5/6/2013,South,Furniture,16.72,3.344,2013-05
9/12/2014,West,Office Supplies,12.96,6.2208,2014-09
9/12/2014,West,Office Supplies,22.18,10.8682,2014-09
9/12/2014,West,Furniture,2054.272,256.784,2014-09
11/7/2014,Central,Office Supplies,13.9,3.614,2014-11
11/7/2014,Central,Office Supplies,26.38,12.1348,2014-11
4/3/2014,South,Furniture,411.8,70.006,2014-04
4/3/2014,South,Technology,360,129.6,2014-04
10/7/2014,West,Furniture,41.96,2.9372,2014-10
10/7/2014,West,Office Supplies,227.84,66.0736,2014-10
10/7/2014,West,Office Supplies,37.94,18.2112,2014-10
4/10/2013,Central,Technology,517.9,134.654,2013-04
4/10/2013,Central,Office Supplies,5.28,2.4288,2013-04
11/8/2013,East,Technology,119.976,22.4955,2013-11
3/4/2014,Central,Office Supplies,26.88,9.744,2014-03
12/1/2014,East,Office Supplies,663.936,82.992,2014-12
1/3/2013,West,Office Supplies,114.46,28.615,2013-01
10/3/2012,West,Furniture,120.666,18.4548,2012-10
9/5/2014,West,Office Supplies,12.96,6.2208,2014-09
9/5/2014,West,Technology,43.176,15.1116,2014-09
2/10/2014,Central,Office Supplies,252.784,-417.0936,2014-02
2/10/2014,Central,Technology,127.984,15.998,2014-02
2/10/2014,Central,Furniture,3.984,-2.6892,2014-02
2/10/2014,Central,Office Supplies,12.992,-32.48,2014-02
4/1/2014,South,Furniture,61,25.62,2014-04
4/1/2014,South,Technology,671.93,188.1404,2014-04
3/4/2013,East,Office Supplies,447.86,219.4514,2013-03
3/4/2013,East,Technology,479.95,129.5865,2013-03
3/4/2013,East,Office Supplies,166.44,79.8912,2013-03
12/9/2013,East,Office Supplies,12.957,-9.5018,2013-12
7/11/2014,Central,Office Supplies,298.464,26.1156,2014-07
6/11/2012,South,Furniture,1123.92,-182.637,2012-06
6/11/2012,South,Technology,249.584,31.198,2012-06
6/11/2012,South,Furniture,48.672,7.3008,2012-06
6/11/2012,South,Office Supplies,60.768,7.596,2012-06
6/11/2012,South,Office Supplies,78.6,-62.88,2012-06
6/11/2012,South,Office Supplies,3.768,-3.14,2012-06
6/11/2012,South,Office Supplies,1036.624,51.8312,2012-06
6/11/2012,South,Office Supplies,563.808,21.1428,2012-06
9/9/2014,East,Technology,258.528,-47.3968,2014-09
10/3/2014,East,Office Supplies,49.12,23.0864,2014-10
12/12/2011,Central,Office Supplies,210.392,-336.6272,2011-12
9/6/2013,Central,Furniture,347.802,-24.843,2013-09
2/12/2014,West,Furniture,963.136,108.3528,2014-02
2/12/2014,West,Technology,88.776,7.7679,2014-02
6/8/2013,East,Office Supplies,32.4,15.552,2013-06
8/3/2011,West,Office Supplies,93.024,33.7212,2011-08
9/12/2011,Central,Office Supplies,5.18,-8.029,2011-09
11/12/2014,Central,Office Supplies,181.86,50.9208,2014-11
9/11/2014,East,Office Supplies,18.76,9.0048,2014-09
12/6/2014,East,Furniture,20.94,6.0726,2014-12
12/6/2014,East,Furniture,58.68,18.1908,2014-12
12/6/2014,East,Office Supplies,254.9,68.823,2014-12
11/10/2014,East,Office Supplies,9.64,4.4344,2014-11
11/10/2014,East,Technology,826.62,355.4466,2014-11
11/10/2014,East,Office Supplies,1633.14,473.6106,2014-11
11/10/2014,East,Office Supplies,544.38,157.8702,2014-11
11/7/2011,Central,Office Supplies,26.046,-44.2782,2011-11
11/7/2011,Central,Office Supplies,74.352,26.9526,2011-11
10/3/2014,East,Technology,65.99,17.1574,2014-10
6/5/2014,Central,Office Supplies,6.37,-9.555,2014-06
9/1/2011,Central,Office Supplies,3.648,-6.0192,2011-09
9/1/2011,Central,Office Supplies,31.104,10.8864,2011-09
8/9/2013,South,Office Supplies,23.34,0.2334,2013-08
7/10/2012,West,Office Supplies,3.366,-2.244,2012-07
12/1/2011,South,Technology,95.968,9.5968,2011-12
11/10/2011,West,Technology,601.536,60.1536,2011-11
11/10/2011,West,Technology,10.99,4.2861,2011-11
11/10/2011,West,Furniture,39.88,11.1664,2011-11
11/10/2011,West,Office Supplies,62.24,28.008,2011-11
11/10/2011,West,Furniture,53.2,14.896,2011-11
11/10/2011,West,Office Supplies,39.84,18.3264,2011-11
1/9/2013,West,Technology,349.95,118.983,2013-01
1/9/2013,West,Technology,377.928,141.723,2013-01
7/9/2014,West,Office Supplies,75.18,35.3346,2014-07
11/11/2014,East,Office Supplies,931.176,314.2719,2014-11
11/11/2014,East,Technology,430.88,124.9552,2014-11
10/2/2012,East,Office Supplies,94.85,45.528,2012-10
10/2/2012,East,Office Supplies,51.12,23.004,2012-10
10/2/2012,East,Technology,90,32.4,2012-10
10/2/2011,West,Office Supplies,9.408,3.4104,2011-10
10/2/2011,West,Office Supplies,4.672,1.46,2011-10
10/2/2011,West,Technology,318.4,107.46,2011-10
10/2/2011,West,Office Supplies,12.768,4.6284,2011-10
10/2/2011,West,Office Supplies,15.36,-3.264,2011-10
10/2/2011,West,Technology,230.376,20.1579,2011-10
10/2/2011,West,Technology,7.16,-0.0895,2011-10
8/11/2011,East,Office Supplies,375.34,18.767,2011-08
9/2/2014,East,Furniture,114.9,39.066,2014-09
5/3/2013,East,Office Supplies,44.94,12.5832,2013-05
5/3/2013,East,Office Supplies,45.576,15.9516,2013-05
2/1/2013,South,Office Supplies,56.45,14.677,2013-02
4/1/2014,Central,Office Supplies,13.468,-22.8956,2014-04
12/2/2014,Central,Technology,219.8,24.7275,2014-12
12/2/2014,Central,Furniture,317.058,-18.1176,2014-12
12/11/2014,West,Technology,49.08,4.908,2014-12
12/11/2014,West,Office Supplies,324.9,38.988,2014-12
12/11/2014,West,Office Supplies,18.24,5.2896,2014-12
7/9/2013,West,Technology,107.984,9.4486,2013-07
7/9/2013,West,Office Supplies,19.296,6.03,2013-07
8/9/2012,South,Office Supplies,4.608,1.6704,2012-08
12/10/2013,South,Furniture,79.974,-29.3238,2013-12
12/10/2013,South,Office Supplies,2.946,-2.0622,2013-12
3/5/2013,South,Office Supplies,10.08,3.528,2013-03
10/11/2011,East,Office Supplies,281.904,10.5714,2011-10
10/11/2011,East,Office Supplies,201.432,67.9833,2011-10
2/9/2012,West,Furniture,203.92,22.941,2012-02
5/9/2014,West,Technology,3359.952,1049.985,2014-05
11/3/2014,Central,Office Supplies,18.24,9.12,2014-11
11/3/2014,Central,Office Supplies,27.78,9.1674,2014-11
4/5/2011,South,Office Supplies,22.96,7.5768,2011-04
4/5/2011,South,Technology,28.99,8.4071,2011-04
4/5/2011,South,Office Supplies,12.96,6.3504,2011-04
4/5/2011,South,Office Supplies,22.96,6.6584,2011-04
4/5/2011,South,Office Supplies,4164.05,83.281,2011-04
9/12/2011,East,Office Supplies,63.924,-46.8776,2011-09
10/2/2014,East,Technology,1704.89,767.2005,2014-10
11/5/2012,East,Office Supplies,25.344,8.8704,2012-11
11/11/2014,Central,Furniture,341.96,-427.45,2014-11
9/11/2012,West,Office Supplies,181.35,48.9645,2012-09
9/11/2012,West,Office Supplies,8.64,4.2336,2012-09
11/11/2011,Central,Office Supplies,896.99,-1480.0335,2011-11
11/11/2011,Central,Office Supplies,1.234,-1.9744,2011-11
11/11/2011,Central,Office Supplies,67.56,6.756,2011-11
11/11/2011,Central,Office Supplies,21.72,7.8735,2011-11
11/11/2011,Central,Office Supplies,262.336,95.0968,2011-11
11/11/2011,Central,Technology,148.48,16.704,2011-11
11/11/2011,Central,Technology,241.176,15.0735,2011-11
11/6/2014,Central,Office Supplies,16.03,-25.648,2014-11
9/8/2014,Central,Office Supplies,73.008,26.4654,2014-09
5/7/2013,Central,Office Supplies,3.208,-5.2932,2013-05
5/7/2013,Central,Technology,26.176,-3.272,2013-05
6/4/2012,East,Office Supplies,30.44,14.3068,2012-06
6/4/2012,East,Furniture,35.28,11.9952,2012-06
2/1/2011,West,Furniture,290.666,3.4196,2011-02
7/9/2011,Central,Office Supplies,10.368,3.6288,2011-07
7/9/2011,Central,Office Supplies,14.352,4.485,2011-07
12/4/2012,East,Furniture,28.44,11.376,2012-12
12/4/2012,East,Furniture,364.41,8.098,2012-12
12/4/2012,East,Technology,39.96,10.3896,2012-12
12/4/2012,East,Furniture,361.764,68.3332,2012-12
11/2/2013,Central,Office Supplies,111.672,6.9795,2013-11
12/4/2012,East,Office Supplies,17.94,8.7906,2012-12
12/4/2012,East,Furniture,384.174,29.8802,2012-12
12/4/2012,East,Technology,1799.75,539.925,2012-12
10/8/2014,South,Office Supplies,580.672,65.3256,2014-10
10/8/2014,South,Office Supplies,18.936,5.9175,2014-10
10/8/2014,South,Technology,222.384,16.6788,2014-10
10/8/2014,South,Office Supplies,50.454,-33.636,2014-10
10/8/2014,South,Furniture,154.764,-36.1116,2014-10
8/9/2011,West,Technology,1091.168,68.198,2011-08
8/9/2011,West,Technology,219.168,-43.8336,2011-08
6/11/2014,East,Office Supplies,40.032,15.012,2014-06
7/2/2014,Central,Office Supplies,443.92,13.3176,2014-07
7/2/2014,Central,Office Supplies,169.99,78.1954,2014-07
7/2/2014,Central,Office Supplies,25.92,12.4416,2014-07
5/4/2012,Central,Furniture,22.288,-8.9152,2012-05
5/1/2014,East,Office Supplies,10.368,3.6288,2014-05
9/3/2013,Central,Office Supplies,1.81,0.6516,2013-09
9/3/2013,Central,Office Supplies,8.26,3.8822,2013-09
9/6/2012,East,Furniture,271.764,60.392,2012-09
7/4/2014,East,Office Supplies,32.896,11.1024,2014-07
7/4/2014,East,Furniture,215.148,-103.9882,2014-07
7/4/2014,East,Office Supplies,30.96,11.223,2014-07
12/9/2014,West,Office Supplies,29.79,8.6391,2014-12
12/9/2014,West,Furniture,128.9,15.468,2014-12
12/9/2014,West,Office Supplies,60.12,28.8576,2014-12
12/6/2014,West,Office Supplies,24.816,8.3754,2014-12
12/6/2014,West,Office Supplies,14.976,5.4288,2014-12
3/11/2011,East,Office Supplies,108.92,49.014,2011-03
6/12/2012,East,Office Supplies,29.9,5.083,2012-06
8/7/2013,East,Office Supplies,70.88,33.3136,2013-08
6/12/2014,South,Office Supplies,3.76,1.0904,2014-06
10/8/2013,West,Office Supplies,27.264,8.8608,2013-10
9/8/2011,West,Office Supplies,56.65,24.3595,2011-09
9/8/2011,West,Office Supplies,14.97,4.1916,2011-09
9/8/2011,West,Office Supplies,4.02,1.9698,2011-09
7/9/2012,South,Office Supplies,5.16,0.8385,2012-07
11/6/2014,Central,Technology,492.768,55.4364,2014-11
12/4/2014,South,Technology,47.992,7.1988,2014-12
9/10/2012,East,Office Supplies,61.96,16.1096,2012-09
9/10/2012,East,Furniture,361.96,83.2508,2012-09
9/10/2012,East,Office Supplies,278.82,125.469,2012-09
4/6/2012,South,Office Supplies,47.952,16.1838,2012-04
12/2/2013,West,Furniture,16.74,4.3524,2013-12
3/4/2014,Central,Furniture,180.98,47.0548,2014-03
3/4/2014,Central,Technology,99.98,42.9914,2014-03
12/9/2013,West,Office Supplies,8.56,2.4824,2013-12
12/9/2013,West,Office Supplies,45.36,21.7728,2013-12
12/9/2013,West,Furniture,1421.664,-195.4788,2013-12
4/7/2011,South,Furniture,8.96,2.7776,2011-04
12/1/2013,South,Technology,36.192,2.7144,2013-12
9/6/2014,South,Office Supplies,147.184,-29.4368,2014-09
7/2/2012,Central,Furniture,408.422,-5.8346,2012-07
7/2/2012,Central,Furniture,382.116,-92.7996,2012-07
7/2/2012,Central,Office Supplies,68.6,6.0025,2012-07
7/2/2012,Central,Office Supplies,435.504,48.9942,2012-07
7/2/2012,Central,Office Supplies,11.168,3.7692,2012-07
8/9/2013,West,Furniture,513.024,12.8256,2013-08
8/9/2013,West,Office Supplies,487.92,136.6176,2013-08
8/9/2013,West,Office Supplies,15.24,5.334,2013-08
4/11/2014,Central,Office Supplies,10.368,3.6288,2014-04
4/11/2014,Central,Technology,95.736,20.3439,2014-04
9/5/2014,Central,Furniture,825.174,-117.882,2014-09
9/5/2014,Central,Office Supplies,17.76,5.55,2014-09
9/5/2014,Central,Office Supplies,6.912,0.864,2014-09
8/10/2013,South,Office Supplies,30.816,9.63,2013-08
8/10/2013,South,Technology,44.784,4.4784,2013-08
8/10/2013,South,Office Supplies,569.536,64.0728,2013-08
4/10/2012,West,Office Supplies,12.832,4.3308,2012-04
9/6/2013,West,Technology,116,29,2013-09
12/11/2014,South,Technology,599.97,257.9871,2014-12
12/11/2014,South,Technology,38.97,0.7794,2014-12
12/11/2014,South,Office Supplies,45.84,22.0032,2014-12
5/9/2011,South,Office Supplies,83.25,14.985,2011-05
5/9/2011,South,Office Supplies,9.45,4.536,2011-05
5/9/2011,South,Office Supplies,20.65,9.499,2011-05
5/9/2011,South,Office Supplies,45.36,21.7728,2011-05
12/2/2014,West,Office Supplies,45.36,21.7728,2014-12
12/2/2014,West,Office Supplies,10.128,3.6714,2014-12
11/8/2014,West,Office Supplies,21.792,7.6272,2014-11
11/8/2014,West,Technology,439.8,145.134,2014-11
9/5/2014,East,Office Supplies,8.256,0.6192,2014-09
9/5/2014,East,Office Supplies,25.56,-20.448,2014-09
9/5/2014,East,Office Supplies,4.368,-3.0576,2014-09
9/5/2014,East,Office Supplies,11.52,3.744,2014-09
7/4/2013,West,Office Supplies,12.96,6.2208,2013-07
7/4/2013,West,Office Supplies,3.96,0.0792,2013-07
9/8/2014,Central,Office Supplies,1577.94,757.4112,2014-09
9/10/2013,Central,Furniture,15.008,-12.0064,2013-09
7/4/2014,West,Technology,59.98,26.3912,2014-07
7/4/2014,West,Technology,2395.2,209.58,2014-07
7/4/2014,West,Technology,1687.8,742.632,2014-07
7/4/2014,West,Technology,7.992,2.6973,2014-07
8/8/2014,East,Office Supplies,11.68,5.4896,2014-08
8/8/2014,East,Office Supplies,104.8,26.2,2014-08
6/8/2013,West,Office Supplies,4.784,1.5548,2013-06
6/8/2013,West,Office Supplies,4.73,2.3177,2013-06
10/2/2014,Central,Office Supplies,104.85,50.328,2014-10
12/10/2012,Central,Office Supplies,3.9,1.521,2012-12
12/10/2012,Central,Furniture,801.96,200.49,2012-12
12/10/2012,Central,Furniture,191.96,32.6332,2012-12
12/10/2012,Central,Office Supplies,2.61,1.2006,2012-12
9/4/2014,West,Office Supplies,5.96,1.6688,2014-09
12/6/2013,East,Office Supplies,465.18,120.9468,2013-12
9/12/2013,East,Office Supplies,22.428,-17.9424,2013-09
9/12/2013,East,Office Supplies,37.52,3.752,2013-09
12/10/2014,East,Office Supplies,2.624,0.4264,2014-12
9/9/2011,East,Office Supplies,15.552,5.4432,2011-09
9/9/2011,East,Technology,64.704,-4.8528,2011-09
9/9/2011,East,Furniture,17.472,5.0232,2011-09
9/9/2011,East,Technology,135.516,-31.6204,2011-09
12/3/2012,East,Office Supplies,16.448,5.5512,2012-12
12/3/2012,East,Technology,36.784,10.5754,2012-12
9/6/2013,East,Office Supplies,9.555,-7.3255,2013-09
9/5/2014,West,Office Supplies,487.984,152.495,2014-09
9/5/2014,West,Technology,5.56,1.7375,2014-09
9/5/2014,West,Office Supplies,217.85,65.355,2014-09
8/9/2011,West,Office Supplies,2060.744,643.9825,2011-08
5/4/2014,West,Office Supplies,69.52,19.4656,2014-05
5/4/2014,West,Office Supplies,763.44,45.8064,2014-05
11/11/2013,East,Office Supplies,9.216,3.3408,2013-11
11/11/2013,East,Technology,41.958,-9.7902,2013-11
11/11/2013,East,Office Supplies,89.568,32.4684,2013-11
11/11/2013,East,Office Supplies,22.248,7.5087,2013-11
11/11/2013,East,Office Supplies,334.88,29.302,2013-11
11/11/2013,East,Furniture,148.288,29.6576,2013-11
11/11/2013,East,Office Supplies,4.624,1.6762,2013-11
11/11/2013,East,Technology,178.92,-29.0745,2013-11
11/11/2013,East,Office Supplies,69.888,-46.592,2013-11
12/10/2014,Central,Technology,104.88,41.952,2014-12
12/10/2014,Central,Office Supplies,34.7,12.492,2014-12
12/10/2014,Central,Office Supplies,33.72,15.5112,2014-12
12/10/2014,Central,Office Supplies,14.94,7.0218,2014-12
9/1/2014,Central,Office Supplies,638.73,166.0698,2014-09
9/9/2014,East,Technology,9.096,1.7055,2014-09
3/12/2012,South,Office Supplies,8.688,2.9322,2012-03
3/12/2012,South,Furniture,30.88,3.86,2012-03
3/12/2012,South,Furniture,6.408,1.4418,2012-03
7/4/2014,East,Technology,258.9,93.204,2014-07
7/4/2014,East,Office Supplies,24.56,11.5432,2014-07
12/8/2011,West,Office Supplies,27.888,9.0636,2011-12
12/8/2011,West,Office Supplies,6.456,-4.5192,2011-12
12/8/2011,West,Technology,52.68,19.755,2011-12
12/8/2011,West,Office Supplies,13.88,-2.6025,2011-12
12/8/2011,West,Technology,103.92,-18.186,2011-12
12/8/2011,West,Office Supplies,11.52,3.744,2011-12
12/8/2011,West,Office Supplies,10.368,3.6288,2011-12
12/8/2011,West,Office Supplies,39.072,2.9304,2011-12
4/9/2013,East,Office Supplies,8.872,3.2161,2013-04
4/9/2013,East,Office Supplies,121.104,-100.92,2013-04
11/7/2014,East,Furniture,127.372,-30.9332,2014-11
11/7/2014,East,Office Supplies,47.952,16.1838,2014-11
12/5/2012,West,Furniture,44.46,14.6718,2012-12
7/9/2012,East,Office Supplies,15.8,5.056,2012-07
7/9/2012,East,Technology,464.97,209.2365,2012-07
7/9/2012,East,Furniture,181.96,20.0156,2012-07
7/9/2012,East,Office Supplies,12.39,5.6994,2012-07
7/9/2012,East,Office Supplies,84.09,42.045,2012-07
7/9/2012,East,Office Supplies,79.36,32.5376,2012-07
7/9/2012,East,Office Supplies,153.36,70.5456,2012-07
7/9/2012,East,Office Supplies,43.68,21.4032,2012-07
7/9/2012,East,Office Supplies,98.21,28.4809,2012-07
6/3/2014,West,Office Supplies,25.344,7.92,2014-06
6/3/2014,West,Office Supplies,43.92,15.921,2014-06
1/9/2013,East,Furniture,15.168,3.792,2013-01
12/8/2011,West,Office Supplies,45.68,21.0128,2011-12
12/8/2011,West,Furniture,603.92,45.294,2011-12
4/4/2014,Central,Office Supplies,7.056,2.205,2014-04
6/6/2013,East,Office Supplies,360.38,93.6988,2013-06
6/6/2013,East,Office Supplies,11.16,2.79,2013-06
6/6/2013,East,Office Supplies,14.94,6.8724,2013-06
3/7/2014,East,Office Supplies,26.38,12.1348,2014-03
3/7/2014,East,Furniture,71.97,16.5531,2014-03
12/10/2013,Central,Technology,10.9,3.052,2013-12
12/10/2013,Central,Technology,59.98,25.1916,2013-12
12/10/2013,Central,Office Supplies,61.929,23.3954,2013-12
3/4/2013,Central,Office Supplies,42.784,15.5092,2013-03
3/4/2013,Central,Furniture,563.43,-56.343,2013-03
3/1/2013,East,Office Supplies,111.104,8.3328,2013-03
12/8/2012,Central,Technology,119.96,11.996,2012-12
8/6/2011,South,Technology,62.91,22.6476,2011-08
4/11/2011,South,Office Supplies,6.912,2.3328,2011-04
4/11/2011,South,Technology,383.976,81.5949,2011-04
4/11/2011,South,Office Supplies,10.368,3.6288,2011-04
4/11/2011,South,Technology,335.944,41.993,2011-04
5/3/2012,West,Furniture,665.88,106.5408,2012-05
12/1/2014,South,Technology,71.976,8.997,2014-12
7/9/2012,East,Technology,269.982,40.4973,2012-07
8/1/2014,South,Technology,41.424,8.2848,2014-08
11/1/2013,West,Office Supplies,1085.42,282.2092,2013-11
9/5/2013,Central,Office Supplies,3.912,1.0269,2013-09
9/5/2013,Central,Office Supplies,62.376,7.0173,2013-09
7/5/2011,West,Office Supplies,180.96,67.86,2011-07
11/5/2014,South,Furniture,523.764,-192.0468,2014-11
11/5/2014,South,Technology,1359.96,118.9965,2014-11
11/12/2012,South,Office Supplies,11.76,1.323,2012-11
11/12/2012,South,Office Supplies,5.238,-4.0158,2012-11
11/12/2012,South,Office Supplies,4.662,-3.7296,2012-11
11/12/2012,South,Furniture,523.92,-72.039,2012-11
11/12/2012,South,Technology,100.792,10.0792,2012-11
11/12/2012,South,Furniture,146.136,16.4403,2012-11
3/6/2014,Central,Office Supplies,25.06,11.7782,2014-03
11/5/2012,Central,Office Supplies,19.824,6.4428,2012-11
7/9/2013,South,Technology,823.96,51.4975,2013-07
7/9/2013,South,Office Supplies,15.984,4.995,2013-07
10/10/2014,East,Office Supplies,12.816,4.3254,2014-10
10/10/2014,East,Furniture,314.352,-15.7176,2014-10
10/10/2014,East,Office Supplies,18.98,8.9206,2014-10
10/10/2014,East,Office Supplies,18.24,6.156,2014-10
10/7/2011,Central,Office Supplies,107.44,10.744,2011-10
5/8/2014,Central,Furniture,1458.65,423.0085,2014-05
5/8/2014,Central,Furniture,26.64,7.4592,2014-05
5/8/2014,Central,Furniture,476.8,119.2,2014-05
5/8/2014,Central,Office Supplies,87.444,18.4604,2014-05
4/8/2011,West,Office Supplies,2.368,0.8288,2011-04
4/8/2011,West,Office Supplies,19.008,6.8904,2011-04
6/8/2011,South,Furniture,170.352,10.647,2011-06
12/4/2012,Central,Office Supplies,85.96,40.4012,2012-12
6/7/2014,West,Furniture,4.95,2.178,2014-06
6/7/2014,West,Office Supplies,26.4,0,2014-06
5/3/2011,East,Office Supplies,40.176,14.5638,2011-05
5/3/2011,East,Office Supplies,10.896,3.9498,2011-05
9/6/2013,South,Office Supplies,23.472,7.6284,2013-09
9/6/2013,South,Office Supplies,86.058,-63.1092,2013-09
9/6/2013,South,Technology,108.784,6.799,2013-09
9/6/2013,South,Office Supplies,10.272,3.21,2013-09
4/5/2011,Central,Office Supplies,49.632,3.7224,2011-04
4/5/2011,Central,Office Supplies,52.096,3.9072,2011-04
7/5/2011,South,Office Supplies,4.368,0.3822,2011-07
3/4/2013,Central,Technology,134.85,37.758,2013-03
6/2/2011,South,Office Supplies,8.56,2.6536,2011-06
6/2/2011,South,Technology,239.97,67.1916,2011-06
6/2/2011,South,Office Supplies,356.94,107.082,2011-06
11/11/2013,Central,Technology,279.944,48.9902,2013-11
5/2/2014,South,Technology,48.9,18.093,2014-05
12/8/2014,Central,Office Supplies,3.552,1.2432,2014-12
12/8/2014,Central,Office Supplies,15.552,5.4432,2014-12
12/1/2014,Central,Office Supplies,2.368,0.8288,2014-12
12/8/2014,East,Technology,127.984,25.5968,2014-12
1/3/2012,Central,Office Supplies,10.368,3.6288,2012-01
10/2/2012,West,Office Supplies,270.34,75.6952,2012-10
4/5/2012,East,Office Supplies,98.112,18.396,2012-04
4/5/2012,East,Office Supplies,563.808,21.1428,2012-04
4/5/2012,East,Office Supplies,10.428,-6.952,2012-04
4/5/2012,East,Furniture,547.136,-68.392,2012-04
4/5/2012,East,Technology,14.85,-3.2175,2012-04
4/5/2012,East,Technology,41.988,-9.7972,2012-04
4/5/2012,East,Furniture,7.584,2.37,2012-04
4/5/2012,East,Furniture,352.45,-211.47,2012-04
6/6/2014,Central,Technology,470.376,52.9173,2014-06
12/1/2012,South,Office Supplies,61.68,16.6536,2012-12
12/1/2012,South,Office Supplies,63.96,30.7008,2012-12
9/3/2014,West,Office Supplies,9.4,2.726,2014-09
9/3/2014,West,Office Supplies,74,37,2014-09
9/3/2014,West,Technology,201.584,12.599,2014-09
12/11/2013,Central,Furniture,1424.9,356.225,2013-12
3/2/2013,West,Technology,159.984,13.9986,2013-03
4/4/2011,Central,Furniture,5.47,2.3521,2011-04
4/4/2011,Central,Office Supplies,79.36,23.808,2011-04
11/12/2011,South,Office Supplies,7.872,0.8856,2011-11
4/2/2013,East,Office Supplies,88.04,22.8904,2013-04
6/1/2012,Central,Office Supplies,5.728,-9.1648,2012-06
6/1/2012,Central,Office Supplies,42.24,13.2,2012-06
10/3/2014,West,Office Supplies,8.94,4.1124,2014-10
10/3/2014,West,Technology,84.784,-20.1362,2014-10
7/8/2013,West,Furniture,287.968,-3.5996,2013-07
7/8/2013,West,Technology,2799.96,944.9865,2013-07
7/8/2013,West,Office Supplies,48.94,24.47,2013-07
4/9/2014,East,Office Supplies,2591.56,621.9744,2014-04
4/9/2014,East,Office Supplies,41.95,10.4875,2014-04
11/3/2011,East,Office Supplies,286.344,-64.4274,2011-11
5/1/2012,South,Furniture,63.552,14.2992,2012-05
5/1/2012,South,Office Supplies,41.376,4.6548,2012-05
5/1/2012,South,Office Supplies,172.704,10.794,2012-05
3/8/2012,Central,Furniture,512.94,97.4586,2012-03
3/8/2012,Central,Furniture,860.93,189.4046,2012-03
3/8/2012,Central,Technology,769.95,223.2855,2012-03
3/8/2012,Central,Office Supplies,14.98,4.494,2012-03
3/8/2012,Central,Furniture,373.08,82.0776,2012-03
10/11/2011,West,Furniture,63.47,19.041,2011-10
10/11/2011,West,Technology,345,58.65,2011-10
3/4/2013,Central,Furniture,637.896,-127.5792,2013-03
3/4/2013,Central,Technology,287.91,33.5895,2013-03
3/4/2013,Central,Office Supplies,36.6,11.895,2013-03
12/10/2012,South,Office Supplies,1.78,0.4984,2012-12
12/10/2012,South,Office Supplies,25.92,12.4416,2012-12
12/10/2012,South,Technology,101.94,21.4074,2012-12
1/2/2014,West,Furniture,474.43,199.2606,2014-01
8/12/2014,Central,Office Supplies,29.664,10.0116,2014-08
8/12/2014,Central,Office Supplies,9.184,2.87,2014-08
8/12/2014,Central,Technology,153.584,13.4386,2014-08
8/12/2014,Central,Office Supplies,12.864,-22.512,2014-08
4/2/2012,Central,Office Supplies,9.156,-13.734,2012-04
11/2/2013,Central,Technology,68.112,17.8794,2013-11
3/11/2013,East,Technology,39.992,7.4985,2013-03
11/1/2011,South,Office Supplies,7.52,1.41,2011-11
11/1/2011,South,Office Supplies,10.272,0.8988,2011-11
11/1/2011,South,Office Supplies,47.808,15.5376,2011-11
11/1/2011,South,Technology,978.84,110.1195,2011-11
12/6/2012,Central,Technology,999.98,449.991,2012-12
9/8/2014,West,Office Supplies,7.857,-6.0237,2014-09
8/5/2013,West,Technology,302.384,30.2384,2013-08
8/5/2013,West,Office Supplies,20.952,7.0713,2013-08
8/5/2013,West,Office Supplies,11.784,3.9771,2013-08
4/2/2013,East,Office Supplies,20.7,9.936,2013-04
4/2/2013,East,Office Supplies,10.95,3.285,2013-04
4/2/2013,East,Office Supplies,14.352,4.6644,2013-04
8/8/2014,West,Technology,159.96,17.9955,2014-08
8/8/2014,West,Office Supplies,13.76,4.644,2014-08
9/7/2012,East,Office Supplies,13.96,0.2792,2012-09
9/7/2012,East,Furniture,27.414,-14.1639,2012-09
5/2/2012,Central,Office Supplies,8.856,2.9889,2012-05
5/2/2012,Central,Technology,158.376,13.8579,2012-05
9/5/2014,East,Technology,19.04,-1.428,2014-09
5/12/2014,West,Office Supplies,37.44,16.848,2014-05
5/12/2014,West,Office Supplies,37.59,17.6673,2014-05
5/12/2014,West,Office Supplies,26.032,9.4366,2014-05
5/11/2011,East,Office Supplies,35.91,9.6957,2011-05
5/7/2014,South,Office Supplies,54.66,18.0378,2014-05
7/2/2012,South,Office Supplies,11.952,4.0338,2012-07
7/2/2012,South,Office Supplies,15.552,5.6376,2012-07
9/8/2011,South,Office Supplies,45,21.6,2011-09
9/8/2011,South,Technology,209.97,90.2871,2011-09
10/3/2014,West,Office Supplies,112.12,42.045,2014-10
10/3/2014,West,Office Supplies,1575.14,204.7682,2014-10
12/2/2014,East,Office Supplies,37.392,2.337,2014-12
12/2/2014,East,Furniture,79.12,13.846,2014-12
9/8/2014,East,Office Supplies,29.24,9.8685,2014-09
9/8/2014,East,Office Supplies,15.552,5.4432,2014-09
9/8/2014,East,Office Supplies,4.896,1.6524,2014-09
12/5/2012,East,Technology,47.984,0.5998,2012-12
12/5/2012,East,Office Supplies,26.064,-19.9824,2012-12
11/1/2011,Central,Office Supplies,15.696,5.1012,2011-11
3/8/2012,East,Office Supplies,19.44,9.3312,2012-03
10/11/2011,West,Office Supplies,31.92,8.2992,2011-10
10/11/2011,West,Furniture,433.568,-65.0352,2011-10
7/2/2013,South,Office Supplies,14.2,6.532,2013-07
7/2/2013,South,Office Supplies,12.96,6.2208,2013-07
7/2/2013,South,Office Supplies,58.34,28.0032,2013-07
4/7/2011,South,Technology,629.95,163.787,2011-04
4/7/2011,South,Office Supplies,122.97,60.2553,2011-04
3/7/2014,West,Office Supplies,14.976,5.4288,2014-03
10/8/2014,Central,Office Supplies,4.24,-6.36,2014-10
10/7/2014,East,Technology,319.96,115.1856,2014-10
10/7/2014,East,Office Supplies,17.04,7.668,2014-10
10/7/2014,East,Office Supplies,344.91,10.3473,2014-10
12/6/2013,East,Furniture,81.94,20.485,2013-12
7/8/2012,Central,Office Supplies,21.12,6.6,2012-07
4/9/2013,West,Furniture,24.7,10.374,2013-04
12/4/2013,East,Office Supplies,394.816,93.7688,2013-12
12/4/2013,East,Office Supplies,18.192,-14.5536,2013-12
12/10/2012,East,Office Supplies,7.31,3.4357,2012-12
12/10/2012,East,Technology,799.984,249.995,2012-12
12/10/2012,East,Office Supplies,41.28,18.9888,2012-12
12/10/2012,East,Office Supplies,184.66,84.9436,2012-12
12/10/2014,Central,Office Supplies,15.984,4.995,2014-12
5/5/2011,South,Office Supplies,9.42,4.239,2011-05
5/5/2011,South,Office Supplies,6.56,1.9024,2011-05
5/5/2011,South,Office Supplies,24.56,11.5432,2011-05
3/5/2013,Central,Office Supplies,128.4,64.2,2013-03
4/2/2014,West,Furniture,482.664,85.176,2014-04
4/2/2014,West,Technology,4799.984,359.9988,2014-04
6/12/2014,West,Office Supplies,37.94,18.2112,2014-06
6/12/2014,West,Office Supplies,18.288,6.6294,2014-06
6/12/2014,West,Technology,385.8,130.2075,2014-06
6/12/2014,West,Office Supplies,102.96,1.0296,2014-06
6/12/2014,West,Furniture,174.42,41.8608,2014-06
10/1/2013,Central,Office Supplies,1.964,-3.2406,2013-10
11/12/2014,Central,Office Supplies,45.92,21.5824,2014-11
1/5/2012,West,Furniture,61.584,-6.9282,2012-01
7/6/2014,Central,Furniture,332.028,-348.6294,2014-07
7/6/2014,Central,Office Supplies,11.394,-17.6607,2014-07
7/6/2014,Central,Office Supplies,15.552,5.6376,2014-07
7/6/2014,Central,Office Supplies,31.104,11.2752,2014-07
7/6/2014,Central,Office Supplies,6.316,-10.4214,2014-07
4/5/2013,South,Technology,149.97,5.9988,2013-04
4/5/2013,South,Office Supplies,27.81,13.0707,2013-04
12/2/2013,East,Office Supplies,88.08,40.5168,2013-12
12/2/2013,East,Furniture,751.92,150.384,2013-12
9/4/2012,West,Office Supplies,9.762,-6.8334,2012-09
8/8/2014,Central,Technology,63.96,19.8276,2014-08
11/4/2014,East,Office Supplies,11.673,-7.782,2014-11
11/6/2013,Central,Furniture,863.128,-160.2952,2013-11
11/6/2013,Central,Office Supplies,3.564,-6.237,2013-11
11/6/2013,Central,Furniture,956.6648,-225.0976,2013-11
11/6/2013,Central,Office Supplies,12.588,-20.1408,2013-11
11/6/2013,Central,Technology,171.96,45.1395,2013-11
7/9/2012,Central,Office Supplies,48.632,-121.58,2012-07
12/10/2014,West,Office Supplies,11.16,2.79,2014-12
12/10/2014,West,Furniture,896.328,22.4082,2014-12
12/10/2014,West,Office Supplies,189,68.04,2014-12
3/11/2014,East,Technology,53.982,-10.7964,2014-03
7/4/2014,West,Furniture,129.39,54.3438,2014-07
9/5/2014,West,Office Supplies,54.32,0.5432,2014-09
10/5/2013,Central,Office Supplies,59.752,19.4194,2013-10
11/4/2011,West,Technology,666.344,66.6344,2011-11
11/4/2011,West,Furniture,573.728,-64.5444,2011-11
11/4/2011,West,Office Supplies,21.936,8.226,2011-11
11/4/2011,West,Office Supplies,19.44,9.3312,2011-11
11/4/2011,West,Technology,447.968,139.99,2011-11
9/8/2011,East,Office Supplies,16.78,4.195,2011-09
12/8/2014,South,Furniture,82.38,25.5378,2014-12
4/2/2014,East,Office Supplies,42.93,19.3185,2014-04
10/4/2014,South,Office Supplies,15.552,5.4432,2014-10
10/4/2014,South,Office Supplies,17.92,1.12,2014-10
9/2/2014,West,Technology,19.99,6.7966,2014-09
9/2/2014,West,Office Supplies,22.92,8.022,2014-09
4/12/2014,East,Office Supplies,16.768,1.4672,2014-04
4/12/2014,East,Technology,27.12,-4.746,2014-04
12/11/2014,West,Technology,95.84,34.742,2014-12
12/11/2014,West,Office Supplies,12.96,6.2208,2014-12
12/4/2012,South,Office Supplies,1598.058,-1065.372,2012-12
12/4/2012,South,Office Supplies,36.96,12.012,2012-12
12/12/2014,Central,Office Supplies,10.368,3.6288,2014-12
12/12/2014,Central,Furniture,77.72,-66.062,2014-12
12/12/2014,Central,Furniture,520.464,-14.8704,2014-12
9/12/2014,Central,Office Supplies,10.528,3.29,2014-09
9/12/2014,Central,Office Supplies,20.544,6.42,2014-09
11/6/2013,Central,Office Supplies,104.9,50.352,2013-11
11/6/2013,Central,Office Supplies,39.68,16.2688,2013-11
11/6/2013,Central,Office Supplies,51.75,24.84,2013-11
9/9/2013,Central,Office Supplies,70.368,6.1572,2013-09
9/9/2013,Central,Technology,59.96,21.7355,2013-09
7/7/2011,East,Furniture,172.186,-46.7362,2011-07
7/7/2011,East,Furniture,69.008,12.0764,2011-07
9/2/2011,East,Office Supplies,21.24,8.0712,2011-09
7/5/2012,East,Technology,34.8,2.175,2012-07
7/5/2012,East,Office Supplies,38.976,-2.436,2012-07
5/6/2011,West,Office Supplies,5.78,2.7166,2011-05
5/6/2011,West,Office Supplies,107.94,30.2232,2011-05
4/10/2014,Central,Office Supplies,478.24,219.9904,2014-04
3/4/2011,South,Office Supplies,15.552,2.3328,2011-03
11/4/2013,South,Office Supplies,20,9.6,2013-11
11/4/2013,South,Office Supplies,7.98,2.0748,2013-11
11/4/2013,South,Furniture,24.1,9.158,2013-11
11/4/2013,South,Office Supplies,8.75,2.625,2013-11
11/4/2013,South,Furniture,842.94,160.1586,2013-11
5/4/2013,Central,Office Supplies,2.182,-3.6003,2013-05
5/4/2013,Central,Office Supplies,27.384,2.7384,2013-05
5/4/2013,Central,Office Supplies,26.406,-71.2962,2013-05
7/5/2013,West,Furniture,25.4,8.636,2013-07
7/5/2013,West,Office Supplies,43.96,20.6612,2013-07
7/5/2013,West,Furniture,1279.165,225.735,2013-07
7/5/2013,West,Office Supplies,27.92,0.5584,2013-07
9/3/2012,West,Furniture,129.568,-12.9568,2012-09
9/3/2012,West,Office Supplies,6.368,2.1492,2012-09
8/8/2014,West,Office Supplies,244.55,114.9385,2014-08
8/7/2012,West,Office Supplies,3.304,1.1151,2012-08
5/9/2014,East,Furniture,128.058,-23.7822,2014-05
11/4/2013,West,Office Supplies,15.26,5.0358,2013-11
11/4/2013,West,Office Supplies,43.32,14.2956,2013-11
11/4/2013,West,Office Supplies,43.584,15.7992,2013-11
11/4/2013,West,Office Supplies,116.28,56.9772,2013-11
11/4/2013,West,Office Supplies,9.296,3.0212,2013-11
11/4/2013,West,Office Supplies,19.44,9.3312,2013-11
11/4/2013,West,Office Supplies,314.55,150.984,2013-11
9/5/2012,Central,Office Supplies,16.27,-25.2185,2012-09
9/5/2012,Central,Office Supplies,69.12,-14.688,2012-09
9/5/2012,Central,Office Supplies,4.47,-7.8225,2012-09
12/1/2011,East,Technology,659.988,109.998,2011-12
12/1/2011,East,Furniture,8.128,1.4224,2011-12
12/1/2011,East,Office Supplies,36.288,12.7008,2011-12
12/1/2011,East,Furniture,909.72,-51.984,2011-12
12/3/2014,East,Office Supplies,631.176,-462.8624,2014-12
4/11/2013,West,Office Supplies,12.96,6.2208,2013-04
4/11/2013,West,Office Supplies,23.2,8.12,2013-04
11/11/2013,Central,Furniture,37.3,17.158,2013-11
11/11/2013,Central,Office Supplies,81.96,39.3408,2013-11
10/3/2013,West,Office Supplies,54.792,-40.1808,2013-10
9/7/2013,Central,Office Supplies,10.784,0.8088,2013-09
6/11/2014,South,Office Supplies,1347.52,84.22,2014-06
11/2/2011,East,Office Supplies,34.86,16.0356,2011-11
11/2/2011,East,Furniture,89.34,24.1218,2011-11
9/9/2014,East,Technology,116.832,33.5892,2014-09
10/10/2011,West,Furniture,122.352,13.7646,2011-10
10/10/2011,West,Office Supplies,15.28,7.4872,2011-10
7/9/2014,West,Furniture,15.84,4.9104,2014-07
7/9/2014,West,Office Supplies,86.376,30.2316,2014-07
7/9/2014,West,Office Supplies,18.24,6.2016,2014-07
7/9/2014,West,Office Supplies,13.12,4.3296,2014-07
7/12/2012,Central,Furniture,383.607,-5.4801,2012-07
7/12/2012,Central,Technology,148.48,16.704,2012-07
7/12/2012,Central,Technology,537.544,53.7544,2012-07
7/12/2012,Central,Office Supplies,1.928,-2.9884,2012-07
7/12/2012,Central,Office Supplies,6.912,0.6912,2012-07
7/12/2012,Central,Furniture,7.76,-2.134,2012-07
7/12/2012,Central,Technology,659.168,49.4376,2012-07
5/1/2014,East,Office Supplies,5.76,2.8224,2014-05
5/5/2011,Central,Furniture,127.869,-9.1335,2011-05
12/4/2012,West,Office Supplies,271.44,122.148,2012-12
12/4/2012,West,Technology,110.352,8.2764,2012-12
12/4/2012,West,Furniture,36.4,13.832,2012-12
12/9/2011,West,Office Supplies,100.704,-1.2588,2011-12
12/4/2014,South,Office Supplies,45.216,4.5216,2014-12
12/4/2014,South,Office Supplies,28.782,-21.1068,2014-12
12/4/2014,South,Office Supplies,24.448,8.8624,2014-12
11/8/2012,Central,Office Supplies,10.476,-17.2854,2012-11
4/11/2011,West,Office Supplies,9.584,3.3544,2011-04
6/9/2012,South,Office Supplies,113.1,56.55,2012-06
6/11/2013,East,Office Supplies,23.616,7.9704,2013-06
11/3/2014,West,Office Supplies,76.58,38.29,2014-11
11/3/2014,West,Office Supplies,8.8,4.224,2014-11
11/3/2014,West,Office Supplies,590.352,206.6232,2014-11
11/3/2014,West,Office Supplies,5.58,0.1674,2014-11
11/3/2014,West,Furniture,25.02,10.5084,2014-11
11/3/2014,West,Office Supplies,452.55,22.6275,2014-11
12/6/2013,East,Office Supplies,33.92,13.2288,2013-12
11/10/2014,West,Furniture,47.12,20.7328,2014-11
1/1/2014,South,Office Supplies,47.616,3.5712,2014-01
1/1/2014,South,Office Supplies,23.48,8.218,2014-01
9/6/2013,Central,Office Supplies,62.79,-166.3935,2013-09
9/6/2013,Central,Office Supplies,28.44,4.266,2013-09
9/4/2012,Central,Technology,134.376,6.7188,2012-09
10/5/2012,East,Office Supplies,77.55,21.714,2012-10
9/10/2014,South,Office Supplies,8.832,-1.9872,2014-09
9/10/2014,South,Office Supplies,177.536,62.1376,2014-09
9/10/2014,South,Office Supplies,258.48,-3.231,2014-09
9/10/2014,South,Furniture,14.136,4.2408,2014-09
8/4/2014,West,Office Supplies,51.75,24.84,2014-08
8/4/2014,West,Furniture,123.96,11.1564,2014-08
9/12/2013,South,Technology,1599.92,751.9624,2013-09
9/12/2013,South,Office Supplies,11.09,5.4341,2013-09
8/2/2012,West,Office Supplies,6.368,2.1492,2012-08
8/2/2012,West,Technology,558.4,41.88,2012-08
4/9/2014,West,Office Supplies,244.55,114.9385,2014-04
4/9/2014,West,Office Supplies,195.76,97.88,2014-04
5/5/2011,Central,Office Supplies,45.248,3.9592,2011-05
5/3/2012,East,Office Supplies,59.904,14.2272,2012-05
5/3/2012,East,Office Supplies,23.696,6.5164,2012-05
5/3/2012,East,Office Supplies,7.968,2.8884,2012-05
5/3/2012,East,Office Supplies,18.2,2.0475,2012-05
5/3/2012,East,Technology,27.552,-0.3444,2012-05
5/3/2012,East,Furniture,844.116,-36.1764,2012-05
5/3/2012,East,Office Supplies,76.752,-9.594,2012-05
1/10/2013,West,Furniture,79.92,34.3656,2013-01
1/10/2013,West,Technology,69.98,13.2962,2013-01
5/7/2014,Central,Office Supplies,11.06,-18.802,2014-05
5/7/2014,Central,Furniture,623.4648,-119.1918,2014-05
5/7/2014,Central,Office Supplies,772.68,-57.951,2014-05
8/1/2013,Central,Office Supplies,283.14,72.358,2013-08
8/1/2013,Central,Technology,635.96,165.3496,2013-08
8/1/2013,Central,Technology,118.99,33.3172,2013-08
8/1/2013,Central,Furniture,272.94,30.0234,2013-08
12/2/2013,South,Technology,863.928,86.3928,2013-12
5/12/2014,Central,Office Supplies,5.248,0.5904,2014-05
5/12/2014,Central,Office Supplies,74.416,-14.8832,2014-05
5/12/2014,Central,Office Supplies,6.848,2.14,2014-05
5/12/2014,Central,Furniture,7.996,-6.9965,2014-05
5/12/2012,West,Technology,201.584,20.1584,2012-05
12/4/2014,West,Furniture,521.96,88.7332,2014-12
12/12/2012,East,Office Supplies,8.22,2.2194,2012-12
10/10/2012,West,Office Supplies,45.36,21.7728,2012-10
6/7/2011,Central,Furniture,268.935,-209.7693,2011-06
9/2/2014,West,Office Supplies,7.58,2.9562,2014-09
11/12/2013,South,Office Supplies,9.888,-6.9216,2013-11
11/12/2013,South,Office Supplies,671.544,50.3658,2013-11
11/7/2011,West,Office Supplies,123.144,46.179,2011-11
4/8/2013,East,Furniture,658.746,146.388,2013-04
3/6/2014,Central,Office Supplies,7.9,2.528,2014-03
3/6/2014,Central,Office Supplies,221.16,57.5016,2014-03
3/6/2014,Central,Office Supplies,127.96,62.7004,2014-03
3/6/2014,Central,Office Supplies,18.69,9.1581,2014-03
3/4/2013,West,Office Supplies,25.35,7.605,2013-03
3/4/2013,West,Furniture,35.28,11.9952,2013-03
10/8/2013,West,Technology,837.6,62.82,2013-10
12/10/2013,South,Technology,40.68,-9.153,2013-12
12/12/2012,Central,Technology,22.368,6.4308,2012-12
2/4/2014,South,Office Supplies,3.882,-2.588,2014-02
2/4/2014,South,Office Supplies,115.296,40.3536,2014-02
5/1/2014,Central,Office Supplies,43.372,-69.3952,2014-05
11/3/2011,East,Technology,783.96,219.5088,2011-11
11/3/2011,East,Office Supplies,48.896,18.336,2011-11
11/3/2011,East,Office Supplies,7.856,2.8478,2011-11
3/9/2012,Central,Technology,113.52,29.799,2012-03
3/9/2012,Central,Technology,359.88,22.4925,2012-03
6/3/2014,South,Office Supplies,25.344,9.1872,2014-06
11/8/2014,East,Office Supplies,100.94,33.3102,2014-11
7/8/2011,East,Furniture,63.882,10.647,2011-07
11/7/2011,Central,Furniture,683.144,0,2011-11
11/7/2011,Central,Office Supplies,1.476,-2.214,2011-11
11/7/2011,Central,Office Supplies,40.712,3.5623,2011-11
12/11/2012,West,Office Supplies,13.12,1.148,2012-12
12/11/2012,West,Furniture,69.576,-143.7904,2012-12
12/11/2012,West,Office Supplies,4.224,0.4752,2012-12
12/11/2012,West,Technology,58.08,-6.534,2012-12
12/11/2012,West,Furniture,52.416,15.0696,2012-12
12/11/2012,West,Furniture,54.92,10.984,2012-12
12/11/2012,West,Furniture,364.95,-248.166,2012-12
12/11/2012,West,Office Supplies,85.056,28.7064,2012-12
12/11/2012,West,Office Supplies,27.696,9.6936,2012-12
5/9/2013,West,Office Supplies,17.94,8.073,2013-05
6/9/2014,East,Office Supplies,10.36,5.0764,2014-06
4/7/2012,Central,Office Supplies,463.248,-1181.2824,2012-04
4/7/2012,Central,Technology,383.952,47.994,2012-04
7/11/2013,West,Office Supplies,44.856,-35.8848,2013-07
11/1/2011,South,Office Supplies,69.52,19.4656,2011-11
11/1/2011,South,Office Supplies,5.64,1.6356,2011-11
11/7/2011,Central,Office Supplies,245.88,68.8464,2011-11
11/7/2011,Central,Office Supplies,36.63,9.8901,2011-11
11/7/2011,Central,Office Supplies,22.58,5.8708,2011-11
11/7/2011,Central,Office Supplies,12.39,5.8233,2011-11
10/6/2014,West,Office Supplies,39.92,13.473,2014-10
10/6/2014,West,Office Supplies,61.96,27.882,2014-10
10/6/2014,West,Office Supplies,19.936,7.2268,2014-10
6/2/2014,East,Office Supplies,3.798,-2.6586,2014-06
6/2/2014,East,Office Supplies,27.744,10.0572,2014-06
6/2/2014,East,Technology,158.376,-34.3148,2014-06
11/8/2013,East,Office Supplies,14.96,0.2992,2013-11
4/4/2011,West,Office Supplies,7.184,2.245,2011-04
9/8/2011,West,Office Supplies,5.88,2.646,2011-09
9/8/2011,West,Furniture,975.92,121.99,2011-09
9/8/2011,West,Office Supplies,303.84,91.152,2011-09
9/8/2011,West,Office Supplies,485.88,19.4352,2011-09
12/12/2011,West,Furniture,12.54,4.5144,2011-12
12/12/2011,West,Office Supplies,8.94,0.6258,2011-12
12/12/2011,West,Furniture,9.24,4.4352,2011-12
4/11/2011,Central,Technology,758.352,265.4232,2011-04
11/11/2013,East,Office Supplies,20.368,7.3834,2013-11
11/11/2013,East,Office Supplies,49.848,16.8237,2013-11
12/2/2011,East,Technology,119.8,29.95,2011-12
10/3/2011,South,Office Supplies,61.568,4.6176,2011-10
10/3/2011,South,Office Supplies,6.192,0.4644,2011-10
11/3/2014,South,Office Supplies,5.32,2.6068,2014-11
11/3/2014,South,Furniture,975.92,292.776,2014-11
11/3/2014,South,Technology,2249.91,517.4793,2014-11
11/3/2014,South,Office Supplies,59.92,16.7776,2014-11
3/9/2014,West,Office Supplies,171.2,64.2,2014-03
3/9/2014,West,Office Supplies,3.36,0.8736,2014-03
3/8/2014,East,Office Supplies,25.92,9.072,2014-03
3/8/2014,East,Office Supplies,91.59,42.1314,2014-03
12/1/2011,Central,Furniture,674.058,-19.2588,2011-12
10/10/2014,Central,Office Supplies,67.144,5.8751,2014-10
10/10/2014,Central,Furniture,254.058,-32.6646,2014-10
1/2/2013,East,Furniture,173.94,38.2668,2013-01
1/2/2013,East,Technology,231.98,67.2742,2013-01
9/11/2014,East,Office Supplies,14.88,3.72,2014-09
12/2/2014,East,Office Supplies,19.44,9.3312,2014-12
12/2/2014,East,Furniture,897.15,251.202,2014-12
9/2/2011,East,Office Supplies,57.75,16.17,2011-09
9/2/2011,East,Office Supplies,14.94,7.0218,2011-09
1/7/2014,South,Office Supplies,33.74,15.5204,2014-01
2/6/2012,East,Furniture,1268.82,266.4522,2012-02
2/6/2012,East,Furniture,283.92,82.3368,2012-02
2/6/2012,East,Office Supplies,5.68,1.7608,2012-02
9/6/2013,West,Office Supplies,96.08,46.1184,2013-09
9/6/2013,West,Office Supplies,11.68,3.942,2013-09
9/6/2013,West,Office Supplies,4.36,1.7876,2013-09
10/4/2011,West,Office Supplies,29.24,13.7428,2011-10
6/9/2012,Central,Office Supplies,12.96,6.2208,2012-06
12/9/2014,West,Office Supplies,69.48,20.844,2014-12
6/9/2011,West,Office Supplies,18.06,4.6956,2011-06
6/9/2011,West,Office Supplies,79.14,36.4044,2011-06
6/9/2011,West,Furniture,37.4,14.212,2011-06
3/7/2011,West,Furniture,48.712,5.4801,2011-03
3/7/2011,West,Office Supplies,17.94,4.6644,2011-03
3/7/2011,West,Office Supplies,242.94,4.8588,2011-03
8/2/2012,East,Technology,128.85,3.8655,2012-08
8/2/2012,East,Office Supplies,8.4,4.116,2012-08
8/2/2012,East,Technology,199.98,83.9916,2012-08
8/2/2012,East,Furniture,110.98,15.5372,2012-08
11/7/2013,South,Furniture,207.984,-28.5978,2013-11
11/7/2013,South,Office Supplies,36.112,12.6392,2013-11
11/7/2013,South,Furniture,35.568,5.7798,2013-11
11/7/2013,South,Office Supplies,88.768,31.0688,2013-11
11/8/2013,West,Office Supplies,12.9,6.321,2013-11
12/7/2012,East,Office Supplies,21.36,7.209,2012-12
12/7/2012,East,Office Supplies,6.688,2.3408,2012-12
12/7/2012,East,Technology,773.94,224.4426,2012-12
12/10/2013,Central,Office Supplies,20.568,1.5426,2013-12
12/10/2013,Central,Office Supplies,4.356,-11.7612,2013-12
12/10/2013,Central,Technology,19.04,-1.428,2013-12
11/7/2013,West,Office Supplies,84.84,22.9068,2013-11
9/6/2012,South,Office Supplies,7.24,1.1765,2012-09
9/3/2011,East,Office Supplies,14.4,7.056,2011-09
9/1/2014,West,Office Supplies,6.672,2.1684,2014-09
9/1/2014,West,Technology,689.408,77.5584,2014-09
12/8/2014,Central,Office Supplies,1889.99,-2929.4845,2014-12
11/4/2011,East,Office Supplies,52.064,18.8732,2011-11
3/11/2014,South,Office Supplies,48.784,3.6588,2014-03
3/11/2014,South,Office Supplies,13.092,-10.0372,2014-03
5/8/2014,West,Technology,79.99,28.7964,2014-05
10/8/2013,West,Office Supplies,10.56,5.0688,2013-10
11/10/2012,Central,Office Supplies,714.3,207.147,2012-11
11/9/2012,East,Technology,2321.9,1114.512,2012-11
11/9/2012,East,Office Supplies,17.94,3.0498,2012-11
9/7/2012,East,Office Supplies,9.522,-6.9828,2012-09
9/7/2012,East,Technology,791.964,-131.994,2012-09
9/7/2012,East,Office Supplies,4.923,-3.9384,2012-09
5/12/2014,West,Furniture,209.979,-356.9643,2014-05
9/2/2011,Central,Technology,239.976,53.9946,2011-09
8/9/2012,Central,Furniture,687.4,48.118,2012-08
4/6/2011,West,Furniture,653.55,111.1035,2011-04
4/6/2011,West,Technology,33.9,2.034,2011-04
7/11/2012,East,Furniture,199.836,-37.1124,2012-07
7/11/2012,East,Technology,716,193.32,2012-07
7/11/2012,East,Office Supplies,221.06,103.8982,2012-07
11/11/2013,West,Office Supplies,67.71,32.5008,2013-11
11/11/2013,West,Office Supplies,129.92,38.976,2013-11
11/11/2013,West,Furniture,467.46,191.6586,2013-11
11/11/2013,West,Office Supplies,61.4,28.858,2013-11
11/11/2013,West,Office Supplies,720.76,187.3976,2013-11
11/11/2013,West,Office Supplies,5.184,1.8144,2013-11
11/11/2013,West,Office Supplies,14.7,3.969,2013-11
11/7/2012,East,Office Supplies,24.4,7.93,2012-11
1/3/2012,Central,Technology,398.4,84.66,2012-01
1/3/2012,Central,Office Supplies,7.056,0.7938,2012-01
1/3/2012,Central,Furniture,1352.3976,-437.5404,2012-01
9/8/2012,West,Office Supplies,26.4,11.88,2012-09
9/8/2012,West,Office Supplies,41.88,0.8376,2012-09
4/4/2013,East,Office Supplies,99.846,-83.205,2013-04
12/6/2013,South,Technology,699.98,195.9944,2013-12
12/6/2013,South,Office Supplies,584.82,70.1784,2013-12
5/8/2012,Central,Office Supplies,43.98,21.99,2012-05
5/8/2012,Central,Technology,377.97,105.8316,2012-05
5/8/2012,Central,Furniture,123.96,11.1564,2012-05
12/1/2014,South,Technology,383.976,81.5949,2014-12
12/1/2014,South,Furniture,1781.682,-653.2834,2014-12
8/8/2011,Central,Technology,549.99,274.995,2011-08
8/8/2011,Central,Office Supplies,167.535,37.23,2011-08
8/8/2011,Central,Office Supplies,38.34,17.253,2011-08
8/8/2011,Central,Furniture,53.88,22.6296,2011-08
8/8/2011,Central,Technology,299.98,83.9944,2011-08
11/5/2012,West,Office Supplies,62.8,15.7,2012-11
11/12/2014,Central,Office Supplies,18.24,8.5728,2014-11
9/9/2013,South,Technology,35.168,8.3524,2013-09
9/9/2013,South,Office Supplies,64.704,23.4552,2013-09
6/7/2013,East,Office Supplies,105.52,48.5392,2013-06
3/5/2012,East,Technology,466.158,-93.2316,2012-03
3/5/2012,East,Technology,10.312,-1.289,2012-03
3/5/2012,East,Office Supplies,2.556,-1.7892,2012-03
8/5/2014,West,Office Supplies,7.968,2.8884,2014-08
8/5/2014,West,Office Supplies,8.784,3.1842,2014-08
12/6/2011,Central,Office Supplies,14.016,-31.536,2011-12
12/6/2011,Central,Furniture,214.95,-120.372,2011-12
12/6/2011,Central,Technology,35.04,-7.008,2011-12
12/6/2011,Central,Furniture,10.776,-4.8492,2011-12
12/6/2011,Central,Office Supplies,4.6,-8.05,2011-12
12/6/2011,Central,Office Supplies,35.168,-8.3524,2011-12
8/7/2012,West,Office Supplies,19.152,6.4638,2012-08
11/12/2014,East,Office Supplies,35.48,0,2014-11
4/4/2011,South,Office Supplies,232.55,9.302,2011-04
4/4/2011,South,Technology,99.98,42.9914,2011-04
4/4/2011,South,Office Supplies,19.44,9.3312,2011-04
4/4/2011,South,Office Supplies,12.96,6.3504,2011-04
11/8/2012,West,Technology,119.9,43.164,2012-11
4/2/2013,East,Furniture,1317.492,292.776,2013-04
4/2/2013,East,Office Supplies,63.84,18.5136,2013-04
4/2/2013,East,Office Supplies,3.592,1.1225,2013-04
2/3/2014,West,Furniture,86.26,29.3284,2014-02
2/3/2014,West,Office Supplies,139.04,38.9312,2014-02
2/3/2014,West,Office Supplies,46.8,16.38,2014-02
3/7/2014,West,Office Supplies,67.78,16.945,2014-03
8/7/2012,Central,Office Supplies,28.4,13.064,2012-08
8/7/2012,Central,Furniture,212.94,34.0704,2012-08
7/1/2014,Central,Technology,1001.584,125.198,2014-07
7/1/2014,Central,Furniture,569.058,-178.8468,2014-07
7/1/2014,Central,Furniture,14.224,-10.3124,2014-07
7/6/2012,West,Furniture,170.352,-17.0352,2012-07
11/10/2011,Central,Office Supplies,3.9,1.521,2011-11
11/10/2011,Central,Office Supplies,12.84,5.778,2011-11
11/10/2011,Central,Office Supplies,15.84,7.128,2011-11
11/10/2011,Central,Furniture,563.94,112.788,2011-11
11/10/2011,Central,Office Supplies,62.94,11.9586,2011-11
11/10/2011,Central,Office Supplies,535.41,160.623,2011-11
3/8/2012,West,Office Supplies,3.408,0.8946,2012-03
11/6/2013,West,Office Supplies,53.248,19.968,2013-11
10/10/2012,South,Office Supplies,1801.632,-337.806,2012-10
5/6/2014,West,Office Supplies,23.16,11.58,2014-05
5/10/2011,West,Office Supplies,158.13,77.4837,2011-05
5/10/2011,West,Technology,43.6,4.36,2011-05
3/4/2013,Central,Office Supplies,3930.072,-786.0144,2013-03
3/4/2013,Central,Office Supplies,2.304,0.7776,2013-03
3/4/2013,Central,Technology,431.976,32.3982,2013-03
3/4/2013,Central,Technology,41.72,5.7365,2013-03
9/12/2012,East,Office Supplies,9.26,3.0558,2012-09
9/12/2012,East,Office Supplies,105.98,4.2392,2012-09
9/12/2012,East,Office Supplies,1.24,0.5828,2012-09
9/12/2012,East,Office Supplies,20.7,9.936,2012-09
9/12/2012,East,Office Supplies,28.9,14.161,2012-09
9/12/2012,East,Office Supplies,27.18,12.7746,2012-09
1/12/2012,East,Office Supplies,465.18,120.9468,2012-01
5/12/2012,East,Office Supplies,36.63,9.8901,2012-05
9/10/2014,Central,Office Supplies,17.48,8.2156,2014-09
6/11/2014,East,Office Supplies,8.4,4.2,2014-06
9/2/2014,Central,Furniture,498.26,134.5302,2014-09
9/12/2013,West,Office Supplies,332.94,6.6588,2013-09
9/12/2013,West,Office Supplies,39.872,12.9584,2013-09
8/5/2014,Central,Office Supplies,3.318,-5.6406,2014-08
8/3/2013,West,Furniture,136.464,15.3522,2013-08
8/3/2013,West,Technology,333.576,33.3576,2013-08
8/3/2013,West,Office Supplies,12.544,4.704,2013-08
11/4/2014,West,Technology,43.5,10.875,2014-11
3/7/2011,West,Office Supplies,107.648,33.64,2011-03
3/5/2012,East,Furniture,99.372,-7.098,2012-03
3/5/2012,East,Furniture,33.568,-5.4548,2012-03
8/9/2013,Central,Office Supplies,10.56,4.752,2013-08
1/4/2014,West,Office Supplies,38.88,18.6624,2014-01
10/10/2014,West,Office Supplies,35.2,16.544,2014-10
9/7/2011,Central,Technology,196.776,14.7582,2011-09
9/7/2011,Central,Office Supplies,2.92,-4.818,2011-09
9/7/2011,Central,Furniture,200.795,-22.948,2011-09
9/7/2011,Central,Technology,46.688,-2.918,2011-09
9/7/2011,Central,Office Supplies,21.864,3.5529,2011-09
10/1/2014,West,Office Supplies,11.76,5.7624,2014-10
10/1/2014,West,Office Supplies,167.94,82.2906,2014-10
10/1/2014,West,Office Supplies,3.89,1.0114,2014-10
9/12/2014,West,Furniture,32.36,11.6496,2014-09
9/12/2014,West,Office Supplies,406.6,113.848,2014-09
11/7/2012,East,Furniture,715.2,178.8,2012-11
12/7/2011,South,Office Supplies,105.52,48.5392,2011-12
9/8/2014,Central,Technology,13.48,1.8872,2014-09
10/8/2014,Central,Office Supplies,85.52,22.2352,2014-10
9/5/2012,Central,Furniture,6.16,2.9568,2012-09
9/5/2012,Central,Office Supplies,36.84,17.3148,2012-09
5/6/2014,West,Office Supplies,21.24,7.434,2014-05
5/6/2014,West,Office Supplies,9.552,-7.3232,2014-05
5/6/2014,West,Furniture,89.991,-152.9847,2014-05
5/1/2014,West,Office Supplies,163.96,80.3404,2014-05
9/8/2011,Central,Office Supplies,17.904,6.2664,2011-09
9/8/2011,Central,Furniture,966.7,-13.81,2011-09
9/8/2011,Central,Office Supplies,182.112,61.4628,2011-09
3/5/2014,Central,Office Supplies,89.568,32.4684,2014-03
5/1/2014,West,Furniture,64.96,21.4368,2014-05
5/1/2014,West,Office Supplies,30.56,14.9744,2014-05
5/3/2013,South,Furniture,187.056,11.691,2013-05
10/3/2014,South,Furniture,11.808,1.3284,2014-10
10/3/2014,South,Furniture,9.656,1.5691,2014-10
10/3/2014,South,Office Supplies,20.736,7.2576,2014-10
10/3/2014,South,Office Supplies,27.36,-21.888,2014-10
10/3/2014,South,Furniture,2314.116,-1002.7836,2014-10
10/3/2014,South,Office Supplies,34.236,-26.2476,2014-10
10/3/2014,South,Furniture,19.76,5.928,2014-10
12/4/2012,West,Office Supplies,16.9,6.253,2012-12
12/4/2012,West,Furniture,25.08,9.0288,2012-12
1/7/2011,West,Office Supplies,19.44,9.3312,2011-01
3/5/2012,Central,Technology,31.92,2.394,2012-03
9/5/2013,East,Furniture,63.94,24.9366,2013-09
9/5/2013,East,Office Supplies,60.6,20.4525,2013-09
9/5/2013,East,Office Supplies,22.72,6.5888,2013-09
11/9/2012,East,Office Supplies,244.55,4.891,2012-11
11/9/2012,East,Office Supplies,12.24,5.7528,2012-11
11/9/2012,East,Technology,13.98,6.0114,2012-11
11/9/2012,East,Technology,899.95,53.997,2012-11
10/11/2012,East,Technology,31.95,2.2365,2012-10
1/4/2012,Central,Office Supplies,32.34,15.5232,2012-01
1/4/2012,Central,Office Supplies,39.9,19.95,2012-01
12/10/2014,Central,Office Supplies,143.856,48.5514,2014-12
9/7/2013,Central,Office Supplies,41.92,15.196,2013-09
9/7/2013,Central,Technology,329.584,37.0782,2013-09
9/4/2013,South,Office Supplies,87.28,41.0216,2013-09
8/5/2011,West,Technology,16.36,1.636,2011-08
8/5/2011,West,Office Supplies,15.78,0.6312,2011-08
8/5/2011,West,Office Supplies,45.98,12.8744,2011-08
6/10/2014,Central,Office Supplies,720.76,54.057,2014-06
6/11/2014,West,Technology,88.776,7.7679,2014-06
6/11/2014,West,Office Supplies,11.56,5.4332,2014-06
6/11/2014,West,Office Supplies,15.58,3.895,2014-06
9/11/2014,East,Office Supplies,85.056,28.7064,2014-09
4/9/2014,Central,Furniture,273.96,71.2296,2014-04
4/9/2014,Central,Furniture,306.9,79.794,2014-04
12/5/2011,East,Office Supplies,348.488,117.6147,2011-12
12/5/2011,East,Office Supplies,172.736,-30.2288,2011-12
9/6/2013,Central,Office Supplies,25.92,9.072,2013-09
9/6/2013,Central,Office Supplies,15.808,5.3352,2013-09
9/6/2013,Central,Office Supplies,10.368,3.7584,2013-09
11/11/2014,West,Office Supplies,26.352,9.5526,2014-11
4/10/2013,West,Furniture,556.665,6.549,2013-04
12/9/2014,West,Office Supplies,87.92,40.4432,2014-12
12/9/2014,West,Office Supplies,22.424,8.409,2014-12
12/9/2014,West,Office Supplies,90.48,33.93,2014-12
12/9/2014,West,Office Supplies,42.76,11.1176,2014-12
9/12/2013,Central,Technology,224.75,62.93,2013-09
10/6/2011,Central,Office Supplies,15.36,7.68,2011-10
4/1/2013,East,Technology,280.782,-60.8361,2013-04
4/1/2013,East,Technology,31.984,1.1994,2013-04
11/4/2014,South,Office Supplies,26.4,11.88,2014-11
12/4/2013,West,Technology,1649.95,659.98,2013-12
12/4/2013,West,Furniture,111.9,51.474,2013-12
9/3/2013,West,Office Supplies,46.53,12.0978,2013-09
9/5/2011,South,Furniture,31.984,1.999,2011-09
7/5/2011,South,Furniture,19.52,5.368,2011-07
7/5/2011,South,Office Supplies,9.81,-6.867,2011-07
7/5/2011,South,Furniture,213.216,15.9912,2011-07
4/5/2013,East,Office Supplies,588.784,183.995,2013-04
9/10/2014,West,Office Supplies,6.368,2.388,2014-09
9/12/2011,Central,Office Supplies,357.93,7.1586,2011-09
9/12/2011,Central,Technology,57.4,10.906,2011-09
9/12/2011,Central,Office Supplies,331.96,149.382,2011-09
9/12/2011,Central,Furniture,40.56,12.9792,2011-09
9/5/2014,West,Office Supplies,13.344,4.3368,2014-09
9/5/2014,West,Furniture,1478.272,92.392,2014-09
6/10/2013,West,Furniture,122.352,13.7646,2013-06
10/9/2014,West,Technology,103.192,11.6091,2014-10
10/9/2014,West,Technology,36,6.48,2014-10
10/9/2014,West,Technology,239.96,115.1808,2014-10
10/9/2014,West,Office Supplies,40.68,0.4068,2014-10
12/12/2011,South,Office Supplies,23.472,7.6284,2011-12
4/2/2014,South,Technology,23.976,-5.6943,2014-04
4/2/2014,South,Office Supplies,6.264,2.0358,2014-04
4/2/2014,South,Office Supplies,20.808,1.8207,2014-04
4/2/2014,South,Furniture,218.352,-19.1058,2014-04
9/4/2012,East,Office Supplies,7.656,-6.1248,2012-09
11/3/2014,East,Furniture,3.312,0.6624,2014-11
11/3/2014,East,Office Supplies,20.136,1.2585,2014-11
11/3/2014,East,Office Supplies,8.856,2.8782,2014-11
11/3/2014,East,Technology,859.2,-186.16,2014-11
10/9/2013,West,Office Supplies,61.96,27.882,2013-10
4/9/2013,South,Office Supplies,17.92,8.6016,2013-04
10/8/2012,West,Furniture,145.9,62.737,2012-10
12/5/2014,East,Furniture,239.96,-10.284,2014-12
12/5/2014,East,Furniture,54.768,6.846,2014-12
12/5/2014,East,Office Supplies,13.392,3.1806,2014-12
12/5/2014,East,Office Supplies,23.92,8.671,2014-12
12/5/2014,East,Technology,255.968,-28.7964,2014-12
6/6/2013,West,Office Supplies,21.552,7.0044,2013-06
6/6/2013,West,Office Supplies,58.24,15.7248,2013-06
12/11/2013,West,Office Supplies,80.28,36.9288,2013-12
5/1/2014,West,Office Supplies,9.78,4.0098,2014-05
5/8/2012,East,Office Supplies,37.94,18.2112,2012-05
8/7/2014,Central,Office Supplies,115.296,40.3536,2014-08
12/3/2014,Central,Technology,2479.96,743.988,2014-12
6/7/2013,South,Technology,179.94,75.5748,2013-06
6/7/2013,South,Technology,26.85,5.1015,2013-06
6/7/2013,South,Technology,323.37,129.348,2013-06
6/7/2013,South,Office Supplies,59.94,28.1718,2013-06
6/7/2013,South,Office Supplies,64.14,30.7872,2013-06
6/7/2013,South,Office Supplies,11.67,5.6016,2013-06
6/7/2013,South,Office Supplies,12.96,6.2208,2013-06
9/8/2014,West,Furniture,25.16,10.5672,2014-09
9/8/2014,West,Technology,126.56,47.46,2014-09
11/12/2011,Central,Office Supplies,2.672,0.334,2011-11
11/12/2011,Central,Office Supplies,16.656,-3.123,2011-11
11/12/2011,Central,Technology,79.512,20.8719,2011-11
11/12/2011,Central,Office Supplies,36.288,12.7008,2011-11
11/12/2011,Central,Furniture,67.9932,-12.9987,2011-11
10/3/2014,South,Furniture,10.16,3.4544,2014-10
12/6/2012,West,Office Supplies,6.48,3.1104,2012-12
12/6/2012,West,Office Supplies,1325.85,238.653,2012-12
12/6/2012,West,Office Supplies,14.94,6.8724,2012-12
4/1/2014,South,Office Supplies,34.54,17.27,2014-04
4/1/2014,South,Technology,2999.95,1439.976,2014-04
4/1/2014,South,Office Supplies,64.12,30.7776,2014-04
12/5/2011,East,Office Supplies,98.376,35.6613,2011-12
12/5/2011,East,Office Supplies,29.94,-23.952,2011-12
12/5/2011,East,Office Supplies,17.472,5.6784,2011-12
12/5/2011,East,Technology,36.738,-9.1845,2011-12
12/5/2011,East,Technology,179.94,-44.985,2011-12
9/10/2014,West,Office Supplies,6.56,1.9024,2014-09
9/10/2014,West,Furniture,243.92,-15.245,2014-09
9/10/2014,West,Office Supplies,47.52,22.8096,2014-09
10/5/2014,East,Furniture,19.98,8.5914,2014-10
5/10/2013,East,Office Supplies,8,3.44,2013-05
12/1/2014,East,Office Supplies,83.56,1.6712,2014-12
12/1/2014,East,Technology,546.06,163.818,2014-12
12/1/2014,East,Office Supplies,269.49,5.3898,2014-12
12/9/2013,West,Office Supplies,34.05,9.534,2013-12
12/9/2013,West,Office Supplies,352.38,81.0474,2013-12
10/3/2011,East,Office Supplies,55.984,4.1988,2011-10
10/3/2011,East,Office Supplies,14.48,4.887,2011-10
10/3/2011,East,Technology,142.488,-3.5622,2011-10
12/3/2012,East,Office Supplies,590.352,206.6232,2012-12
12/6/2012,West,Office Supplies,7.78,2.0228,2012-12
9/1/2014,South,Technology,659.9,217.767,2014-09
10/5/2012,East,Technology,53.04,-4.641,2012-10
2/2/2013,East,Office Supplies,117.96,5.898,2013-02
7/1/2014,South,Furniture,19.52,5.368,2014-07
2/12/2011,South,Technology,234.45,103.158,2011-02
2/12/2011,South,Furniture,1256.22,75.3732,2011-02
2/12/2011,South,Office Supplies,17.46,8.2062,2011-02
12/5/2012,Central,Office Supplies,152.8,76.4,2012-12
9/4/2014,West,Office Supplies,82.56,28.896,2014-09
9/4/2014,West,Technology,284.97,85.491,2014-09
4/3/2014,East,Office Supplies,11.12,2.8912,2014-04
4/2/2013,South,Furniture,7.04,3.0976,2013-04
1/4/2012,South,Furniture,192.22,69.1992,2012-01
11/3/2014,West,Office Supplies,19.44,9.3312,2014-11
10/7/2014,East,Office Supplies,40.99,20.0851,2014-10
11/4/2011,West,Office Supplies,2.94,0.7938,2011-11
6/12/2013,West,Office Supplies,14.62,6.8714,2013-06
6/12/2013,West,Office Supplies,53.984,17.5448,2013-06
6/12/2013,West,Technology,389.97,132.5898,2013-06
6/9/2012,West,Furniture,355.36,92.3936,2012-06
6/9/2012,West,Technology,140.376,8.7735,2012-06
4/2/2011,South,Office Supplies,15.84,7.128,2011-04
4/2/2011,South,Technology,1049.93,293.9804,2011-04
4/2/2011,South,Office Supplies,154.9,40.274,2011-04
11/5/2012,West,Office Supplies,98.352,35.6526,2012-11
12/10/2012,East,Office Supplies,27.36,9.3024,2012-12
12/10/2012,East,Office Supplies,44.75,20.585,2012-12
12/10/2012,East,Technology,134.99,36.4473,2012-12
12/10/2012,East,Office Supplies,26.4,12.672,2012-12
12/10/2012,East,Furniture,542.94,141.1644,2012-12
5/6/2013,West,Furniture,71.088,-1.7772,2013-05
11/6/2013,Central,Office Supplies,11.84,4.44,2013-11
11/4/2014,West,Office Supplies,35.88,17.5812,2014-11
11/3/2011,East,Office Supplies,11.64,3.3756,2011-11
5/8/2012,East,Furniture,79.44,30.1872,2012-05
5/8/2012,East,Office Supplies,357.93,7.1586,2012-05
5/8/2012,East,Furniture,127.764,21.294,2012-05
5/8/2012,East,Technology,2799.944,1014.9797,2012-05
5/8/2012,East,Office Supplies,19.44,9.3312,2012-05
8/1/2014,Central,Technology,36.792,4.1391,2014-08
3/1/2011,East,Technology,5.94,1.6038,2011-03
10/9/2012,Central,Technology,619.95,111.591,2012-10
10/9/2012,Central,Technology,29.16,8.4564,2012-10
10/9/2012,Central,Office Supplies,57.96,27.2412,2012-10
10/9/2012,Central,Office Supplies,29.403,5.2272,2012-10
5/4/2012,Central,Technology,946.344,118.293,2012-05
12/9/2014,Central,Technology,178.11,32.0598,2014-12
12/9/2014,Central,Office Supplies,1089.75,305.13,2014-12
12/9/2014,Central,Office Supplies,61.06,28.0876,2014-12
12/9/2014,Central,Furniture,459.92,41.3928,2014-12
12/9/2014,Central,Office Supplies,27.52,12.6592,2014-12
1/1/2014,West,Office Supplies,38.376,13.4316,2014-01
12/9/2013,South,Technology,249.584,31.198,2013-12
12/9/2013,South,Technology,68.112,17.8794,2013-12
12/9/2013,South,Technology,16.56,-2.484,2013-12
2/3/2013,South,Furniture,866.4,225.264,2013-02
8/11/2012,South,Furniture,46.152,12.1149,2012-08
11/3/2012,East,Furniture,1448.82,209.274,2012-11
9/10/2012,West,Office Supplies,353.88,17.694,2012-09
11/8/2011,West,Technology,333.576,25.0182,2011-11
10/9/2013,Central,Office Supplies,60.144,20.2986,2013-10
9/9/2014,Central,Technology,85.2,20.235,2014-09
9/1/2013,Central,Office Supplies,23.968,2.3968,2013-09
12/5/2013,East,Office Supplies,15.528,5.823,2013-12
12/5/2013,West,Office Supplies,104.85,50.328,2013-12
11/11/2011,West,Office Supplies,30.48,7.9248,2011-11
11/11/2011,West,Furniture,112.648,11.2648,2011-11
4/2/2012,West,Technology,71.976,24.2919,2012-04
12/12/2012,West,Office Supplies,2.21,0.5967,2012-12
12/12/2012,West,Office Supplies,15.52,7.4496,2012-12
12/12/2012,West,Office Supplies,36.44,16.398,2012-12
10/3/2014,West,Furniture,217.764,-384.7164,2014-10
10/3/2014,West,Office Supplies,39.072,4.3956,2014-10
10/3/2014,West,Office Supplies,22.638,-16.6012,2014-10
10/3/2014,West,Office Supplies,95.144,10.7037,2014-10
4/11/2014,South,Furniture,12.32,1.848,2014-04
4/11/2014,South,Office Supplies,4.419,-3.0933,2014-04
7/11/2011,Central,Technology,575.968,43.1976,2011-07
7/11/2011,Central,Office Supplies,10.368,3.6288,2011-07
9/5/2013,South,Office Supplies,12.192,4.1148,2013-09
9/5/2013,South,Office Supplies,87.168,8.7168,2013-09
9/5/2013,South,Office Supplies,31.744,8.3328,2013-09
2/6/2013,South,Furniture,132.224,-18.1808,2013-02
7/2/2012,East,Office Supplies,19.44,9.3312,2012-07
5/2/2011,East,Office Supplies,26.136,1.9602,2011-05
9/4/2014,East,Office Supplies,419.4,201.312,2014-09
9/4/2014,East,Furniture,90.801,14.1246,2014-09
9/4/2014,East,Furniture,181.764,-8.0784,2014-09
9/4/2014,East,Office Supplies,5.56,2.224,2014-09
12/4/2013,Central,Furniture,581.96,104.7528,2013-12
12/4/2013,Central,Furniture,29.98,8.0946,2013-12
6/9/2012,South,Office Supplies,64.2,-42.8,2012-06
6/9/2012,South,Office Supplies,38.52,-26.964,2012-06
6/9/2012,South,Technology,72.6,-8.1675,2012-06
11/10/2012,Central,Office Supplies,715.64,178.91,2012-11
11/10/2012,Central,Office Supplies,795.51,143.1918,2012-11
11/10/2012,Central,Technology,549.99,274.995,2012-11
11/10/2012,Central,Office Supplies,74.76,34.3896,2012-11
11/10/2012,Central,Furniture,29.22,12.8568,2012-11
9/10/2011,South,Office Supplies,9.64,4.7236,2011-09
8/5/2012,Central,Office Supplies,33.488,-1.2558,2012-08
8/5/2012,Central,Office Supplies,23.04,-4.896,2012-08
8/5/2012,Central,Office Supplies,1.362,-2.1792,2012-08
8/5/2012,Central,Furniture,14.76,-11.439,2012-08
9/4/2014,West,Furniture,239.666,14.098,2014-09
11/1/2012,South,Furniture,301.96,45.294,2012-11
5/2/2013,South,Office Supplies,109.92,53.8608,2013-05
5/2/2013,South,Office Supplies,19.44,9.3312,2013-05
5/2/2013,South,Office Supplies,11.16,4.3524,2013-05
8/5/2011,East,Office Supplies,79.47,22.2516,2011-08
8/5/2011,East,Office Supplies,4.56,2.0064,2011-08
8/5/2011,East,Furniture,1133.35,294.671,2011-08
1/4/2013,East,Office Supplies,4.672,0.584,2013-01
1/4/2013,East,Office Supplies,104.58,-80.178,2013-01
11/8/2013,West,Furniture,1603.136,100.196,2013-11
6/5/2014,South,Office Supplies,108.08,54.04,2014-06
6/5/2014,South,Office Supplies,9.54,4.3884,2014-06
4/7/2012,East,Office Supplies,11.736,1.0269,2012-04
9/6/2013,East,Office Supplies,192.16,92.2368,2013-09
10/9/2014,East,Office Supplies,42.76,11.1176,2014-10
5/7/2012,South,Office Supplies,45.68,21.0128,2012-05
9/11/2014,South,Office Supplies,2.78,1.3622,2014-09
9/10/2014,West,Office Supplies,99.87,23.9688,2014-09
11/1/2011,West,Office Supplies,44.4,22.2,2011-11
11/1/2011,West,Office Supplies,21.4,9.63,2011-11
4/4/2013,Central,Furniture,71.12,22.0472,2013-04
4/4/2013,Central,Technology,259.96,124.7808,2013-04
11/7/2014,West,Office Supplies,59.94,28.1718,2014-11
11/7/2014,West,Office Supplies,45.36,22.2264,2014-11
11/7/2014,West,Office Supplies,26.4,12.672,2014-11
11/7/2014,West,Office Supplies,41.4,19.872,2014-11
11/7/2014,West,Technology,16.95,1.017,2014-11
12/3/2013,West,Office Supplies,24.704,9.264,2013-12
12/3/2013,West,Office Supplies,59.7,26.865,2013-12
12/3/2013,West,Furniture,14.52,5.6628,2013-12
12/3/2013,West,Office Supplies,104.184,33.8598,2013-12
6/4/2014,West,Technology,1099.5,362.835,2014-06
4/8/2011,South,Furniture,1215.92,316.1392,2011-04
10/11/2011,South,Office Supplies,7.31,3.4357,2011-10
10/11/2011,South,Furniture,8.92,3.9248,2011-10
7/8/2014,East,Furniture,87.21,-45.3492,2014-07
7/8/2014,East,Office Supplies,15.552,5.4432,2014-07
7/8/2014,East,Technology,683.988,-113.998,2014-07
7/8/2014,East,Office Supplies,13.392,1.0044,2014-07
7/8/2014,East,Technology,16.776,4.8231,2014-07
7/8/2014,East,Technology,527.92,85.787,2014-07
7/5/2013,West,Furniture,25.4,8.636,2013-07
7/5/2013,West,Technology,177.48,19.9665,2013-07
7/5/2013,West,Technology,71.976,8.997,2013-07
8/7/2013,West,Technology,211.168,18.4772,2013-08
3/6/2014,South,Office Supplies,42.68,19.6328,2014-03
3/6/2014,South,Technology,299.97,125.9874,2014-03
3/6/2014,South,Office Supplies,262.24,78.672,2014-03
3/6/2014,South,Office Supplies,234.36,112.4928,2014-03
11/11/2011,East,Furniture,23.968,7.7896,2011-11
11/11/2011,East,Furniture,521.96,-250.5408,2011-11
2/10/2014,West,Furniture,21.12,6.5472,2014-02
11/11/2011,West,Technology,575.928,57.5928,2011-11
11/11/2011,West,Office Supplies,7.78,2.0228,2011-11
11/11/2011,West,Office Supplies,123.92,55.764,2011-11
2/7/2014,East,Furniture,240.784,30.098,2014-02
10/9/2013,South,Office Supplies,387.72,-67.851,2013-10
9/7/2011,Central,Furniture,429.9,111.774,2011-09
9/7/2011,Central,Office Supplies,32.06,15.3888,2011-09
9/7/2011,Central,Furniture,161.96,45.3488,2011-09
9/7/2011,Central,Office Supplies,19.86,5.7594,2011-09
12/12/2013,East,Office Supplies,64.96,-4.06,2013-12
12/12/2013,East,Office Supplies,13.52,1.69,2013-12
12/12/2013,East,Furniture,458.43,-137.529,2013-12
12/12/2013,East,Office Supplies,387.136,24.196,2013-12
12/12/2013,East,Furniture,328.59,-147.8655,2013-12
12/10/2011,West,Furniture,338.352,4.2294,2011-12
12/10/2011,West,Office Supplies,25.92,12.4416,2011-12
12/10/2011,West,Office Supplies,91.36,42.0256,2011-12
9/8/2014,West,Furniture,19.76,8.2992,2014-09
11/2/2012,East,Furniture,109.764,8.5372,2012-11
12/12/2014,East,Technology,128.85,3.8655,2014-12
4/2/2014,South,Furniture,127.95,21.7515,2014-04
3/11/2013,West,Office Supplies,14.9,7.152,2013-03
3/11/2013,West,Technology,4158.912,363.9048,2013-03
4/6/2011,West,Furniture,91.96,15.6332,2011-04
4/6/2011,West,Furniture,33.11,12.9129,2011-04
4/6/2011,West,Office Supplies,19.44,9.3312,2011-04
4/6/2011,West,Office Supplies,55.48,26.6304,2011-04
10/5/2011,East,Office Supplies,91.92,11.49,2011-10
7/7/2014,South,Furniture,239.24,23.924,2014-07
9/5/2013,South,Furniture,42.6,16.614,2013-09
9/5/2013,South,Office Supplies,113.94,54.6912,2013-09
9/5/2013,South,Office Supplies,129.92,5.1968,2013-09
9/5/2013,South,Office Supplies,5.28,2.5344,2013-09
2/4/2013,West,Furniture,14.368,3.9512,2013-02
9/3/2012,West,Furniture,238.152,89.307,2012-09
6/10/2013,Central,Furniture,692.94,173.235,2013-06
11/7/2012,South,Office Supplies,16.146,-12.9168,2012-11
11/7/2012,South,Office Supplies,1345.485,-1031.5385,2012-11
3/2/2011,East,Office Supplies,11.36,5.3392,2011-03
3/2/2011,East,Office Supplies,36.4,17.472,2011-03
4/10/2012,East,Office Supplies,142.04,38.3508,2012-04
4/10/2012,East,Office Supplies,14.67,6.0147,2012-04
4/5/2012,East,Office Supplies,23.904,7.7688,2012-04
9/2/2013,East,Technology,468.9,206.316,2013-09
9/2/2013,East,Technology,72.48,30.4416,2013-09
9/2/2013,East,Office Supplies,10.95,3.285,2013-09
9/2/2013,East,Furniture,191.82,61.3824,2013-09
8/6/2014,Central,Office Supplies,151.056,7.5528,2014-08
9/12/2013,Central,Office Supplies,6,2.1,2013-09
9/12/2013,Central,Office Supplies,1.908,-3.2436,2013-09
12/5/2014,Central,Office Supplies,61.568,4.6176,2014-12
6/4/2014,West,Technology,44.75,8.5025,2014-06
6/4/2014,West,Office Supplies,11.96,5.382,2014-06
6/4/2014,West,Office Supplies,3.912,1.2714,2014-06
4/1/2013,East,Furniture,327.996,54.666,2013-04
11/5/2013,West,Office Supplies,192.8,55.912,2013-11
11/1/2013,South,Office Supplies,32.064,11.2224,2013-11
7/10/2014,East,Office Supplies,274.8,134.652,2014-07
7/10/2014,East,Office Supplies,195.64,3.9128,2014-07
7/10/2014,East,Technology,257.98,74.8142,2014-07
7/10/2014,East,Office Supplies,119.04,48.8064,2014-07
4/9/2013,South,Furniture,354.9,88.725,2013-04
7/4/2014,West,Office Supplies,87.92,0.8792,2014-07
8/4/2013,Central,Office Supplies,81.54,38.3238,2013-08
8/4/2013,Central,Technology,167.28,23.4192,2013-08
12/4/2013,West,Office Supplies,772.68,108.1752,2013-12
8/2/2011,Central,Office Supplies,26.7,12.549,2011-08
8/2/2011,Central,Technology,21.2,9.116,2011-08
8/2/2011,Central,Office Supplies,838.38,226.3626,2011-08
12/12/2013,West,Furniture,403.92,25.245,2013-12
8/7/2012,East,Office Supplies,106.8,10.68,2012-08
4/5/2014,Central,Technology,383.84,47.98,2014-04
12/2/2014,East,Furniture,7.712,1.7352,2014-12
10/11/2011,West,Office Supplies,7.64,3.7436,2011-10
10/5/2012,West,Furniture,66.294,-103.8606,2012-10
10/5/2012,West,Furniture,291.168,-14.5584,2012-10
11/2/2011,Central,Technology,88.776,7.7679,2011-11
7/12/2014,Central,Office Supplies,30.32,11.8248,2014-07
9/12/2014,West,Furniture,177.568,8.8784,2014-09
9/12/2014,West,Office Supplies,19.44,9.3312,2014-09
9/12/2014,West,Office Supplies,71.28,34.2144,2014-09
9/12/2014,West,Office Supplies,1471.96,459.9875,2014-09
9/12/2014,West,Technology,79.96,-17.991,2014-09
12/12/2012,West,Furniture,166.5,21.645,2012-12
12/12/2012,West,Office Supplies,360.38,93.6988,2012-12
12/2/2011,Central,Office Supplies,2.394,-6.3441,2011-12
4/7/2011,South,Office Supplies,58.32,27.9936,2011-04
4/7/2011,South,Technology,200.97,50.2425,2011-04
9/8/2012,South,Furniture,21.36,8.1168,2012-09
9/10/2014,Central,Office Supplies,9.856,3.4496,2014-09
9/6/2012,South,Office Supplies,3.444,-2.5256,2012-09
11/3/2014,East,Office Supplies,384.592,-81.7258,2014-11
5/12/2012,West,Office Supplies,14.592,4.9248,2012-05
5/6/2014,South,Office Supplies,34.5,15.525,2014-05
10/7/2013,Central,Office Supplies,28.85,14.425,2013-10
11/3/2011,South,Office Supplies,3.488,1.1772,2011-11
11/3/2011,South,Office Supplies,143.856,48.5514,2011-11
10/1/2012,East,Technology,311.98,93.594,2012-10
10/1/2012,East,Office Supplies,22.45,10.327,2012-10
12/3/2014,West,Technology,39.992,-7.9984,2014-12
12/3/2014,West,Furniture,1159.056,43.4646,2014-12
12/3/2014,West,Office Supplies,179.9,44.975,2014-12
12/12/2014,Central,Technology,116.312,23.2624,2014-12
7/8/2011,West,Furniture,502.488,-87.9354,2011-07
7/8/2011,West,Office Supplies,196.704,68.8464,2011-07
12/3/2014,South,Furniture,701.96,168.4704,2014-12
12/1/2014,West,Furniture,25.83,9.5571,2014-12
6/6/2011,Central,Office Supplies,24.588,-38.1114,2011-06
6/6/2011,Central,Office Supplies,13.984,4.7196,2011-06
5/6/2014,East,Office Supplies,6.68,3.2064,2014-05
11/5/2013,West,Office Supplies,17.584,-4.1762,2013-11
11/5/2013,West,Furniture,104.784,-14.4078,2013-11
11/5/2013,West,Office Supplies,47.952,16.7832,2013-11
11/5/2013,West,Furniture,650.352,-97.5528,2013-11
11/5/2013,West,Office Supplies,629.184,228.0792,2013-11
11/5/2013,West,Office Supplies,15.176,5.3116,2013-11
9/11/2011,West,Furniture,127.95,21.7515,2011-09
6/3/2011,Central,Office Supplies,15.28,7.4872,2011-06
7/11/2011,East,Office Supplies,49.12,23.0864,2011-07
7/11/2011,East,Office Supplies,18.28,6.398,2011-07
10/6/2014,East,Technology,87.8,43.9,2014-10
10/6/2014,East,Furniture,221.382,2.4598,2014-10
10/6/2014,East,Technology,5199.96,1351.9896,2014-10
1/1/2014,East,Office Supplies,156.512,-35.2152,2014-01
3/7/2012,East,Technology,119.85,52.734,2012-03
3/7/2012,East,Office Supplies,30.44,14.9156,2012-03
3/7/2012,East,Office Supplies,69.28,33.2544,2012-03
3/7/2012,East,Technology,587.97,170.5113,2012-03
5/1/2012,West,Office Supplies,12.176,4.4138,2012-05
5/1/2012,West,Office Supplies,37.32,10.4496,2012-05
5/1/2012,West,Office Supplies,35.06,10.518,2012-05
9/4/2014,Central,Furniture,108.4,-105.69,2014-09
11/4/2014,South,Technology,361.376,27.1032,2014-11
9/6/2012,East,Office Supplies,8.39,2.0975,2012-09
9/6/2012,East,Technology,337.98,101.394,2012-09
10/6/2011,East,Office Supplies,83.92,-13.637,2011-10
12/10/2012,West,Office Supplies,56.3,15.764,2012-12
4/5/2014,East,Technology,41.22,11.1294,2014-04
4/5/2014,East,Office Supplies,240.37,7.2111,2014-04
4/5/2014,East,Technology,119.02,33.3256,2014-04
10/4/2013,Central,Furniture,38.08,-29.512,2013-10
10/4/2014,East,Furniture,83.92,21.8192,2014-10
10/4/2014,East,Office Supplies,6.63,3.1161,2014-10
10/4/2014,East,Technology,371.97,66.9546,2014-10
10/8/2013,East,Office Supplies,4.928,1.7248,2013-10
4/11/2014,East,Technology,99.99,41.9958,2014-04
4/11/2014,East,Office Supplies,286.15,71.5375,2014-04
4/8/2011,West,Office Supplies,49.792,-11.8256,2011-04
2/7/2012,South,Office Supplies,311.15,146.2405,2012-02
2/7/2012,South,Office Supplies,12.96,6.3504,2012-02
11/1/2014,Central,Office Supplies,5.248,0.5904,2014-11
8/7/2014,East,Technology,824.95,247.485,2014-08
8/7/2014,East,Office Supplies,24.64,11.8272,2014-08
8/7/2014,East,Office Supplies,227.88,68.364,2014-08
9/1/2014,West,Furniture,569.568,7.1196,2014-09
9/1/2014,West,Office Supplies,149.73,43.4217,2014-09
11/11/2014,South,Office Supplies,11.52,-7.68,2014-11
3/9/2013,East,Technology,108.576,-25.3344,2013-03
3/9/2013,East,Office Supplies,5.984,-1.3464,2013-03
11/1/2013,Central,Office Supplies,21.96,6.1488,2013-11
11/1/2013,Central,Furniture,368.97,81.1734,2013-11
11/1/2013,Central,Office Supplies,12.39,3.4692,2013-11
11/1/2013,Central,Office Supplies,332.94,9.9882,2013-11
11/3/2011,South,Office Supplies,25.984,-1.624,2011-11
11/3/2011,South,Furniture,945.036,-299.2614,2011-11
11/3/2011,South,Office Supplies,14.301,-10.4874,2011-11
11/3/2011,South,Furniture,410.352,-51.294,2011-11
10/4/2011,East,Furniture,589.41,-6.549,2011-10
3/5/2012,Central,Office Supplies,7.104,2.4864,2012-03
3/5/2014,Central,Furniture,103.5,-77.625,2014-03
3/5/2014,Central,Office Supplies,2.464,0.8624,2014-03
3/5/2014,Central,Office Supplies,8.72,0.654,2014-03
10/8/2012,Central,Office Supplies,3.44,0.559,2012-10
8/1/2014,West,Office Supplies,56.56,15.2712,2014-08
8/1/2014,West,Furniture,36.96,11.4576,2014-08
8/5/2011,East,Technology,135.99,36.7173,2011-08
8/5/2011,East,Office Supplies,15.96,7.0224,2011-08
12/3/2013,East,Office Supplies,2079.4,582.232,2013-12
12/3/2013,East,Technology,629.95,176.386,2013-12
12/3/2013,East,Furniture,72.42,23.8986,2013-12
6/6/2011,Central,Office Supplies,100.24,33.831,2011-06
6/4/2014,South,Office Supplies,4.554,-3.4914,2014-06
6/4/2014,South,Office Supplies,5.2,0.585,2014-06
6/4/2014,South,Technology,205.992,-2.5749,2014-06
6/4/2014,South,Office Supplies,15.552,5.4432,2014-06
6/4/2014,South,Technology,503.96,50.396,2014-06
6/4/2014,South,Office Supplies,24.472,1.8354,2014-06
6/4/2014,South,Furniture,241.568,0,2014-06
6/4/2014,South,Technology,110.4,-4.14,2014-06
6/4/2014,East,Furniture,384.768,-115.4304,2014-06
6/4/2014,East,Technology,78.66,36.1836,2014-06
6/4/2014,East,Office Supplies,45.36,22.2264,2014-06
11/2/2011,East,Technology,539.964,-107.9928,2011-11
11/2/2011,East,Technology,50.232,-10.0464,2011-11
11/2/2011,East,Office Supplies,19.242,-13.4694,2011-11
10/10/2013,East,Office Supplies,19.136,5.98,2013-10
10/10/2013,East,Furniture,332.832,-24.9624,2013-10
3/7/2014,West,Office Supplies,23.88,8.1192,2014-03
3/7/2014,West,Office Supplies,11.52,5.6448,2014-03
3/7/2014,West,Office Supplies,286.93,140.5957,2014-03
3/7/2014,West,Technology,206.384,23.2182,2014-03
7/8/2013,East,Office Supplies,10.08,3.276,2013-07
7/8/2013,East,Technology,59.994,-12.9987,2013-07
7/8/2013,East,Office Supplies,5.715,-4.7625,2013-07
7/8/2013,East,Office Supplies,9.42,-7.85,2013-07
12/5/2014,Central,Office Supplies,8.8,2.552,2014-12
12/5/2014,Central,Technology,142.8,29.988,2014-12
12/5/2014,Central,Technology,399.95,143.982,2014-12
3/1/2011,Central,Furniture,634.116,-172.1172,2011-03
3/1/2011,Central,Office Supplies,17.472,5.6784,2011-03
11/1/2012,East,Furniture,327.564,21.8376,2012-11
6/5/2012,East,Furniture,1522.638,169.182,2012-06
4/1/2014,Central,Office Supplies,33.62,-90.774,2014-04
5/7/2011,East,Office Supplies,16.14,7.9086,2011-05
5/7/2011,East,Furniture,194.25,-38.85,2011-05
5/7/2011,East,Office Supplies,8.64,2.5056,2011-05
5/7/2011,East,Furniture,872.32,244.2496,2011-05
2/6/2014,Central,Office Supplies,243.992,-426.986,2014-02
2/6/2014,Central,Office Supplies,7.12,0.712,2014-02
5/11/2013,West,Office Supplies,11.96,5.8604,2013-05
3/4/2014,West,Technology,1049.44,440.7648,2014-03
3/4/2014,West,Furniture,170.352,-17.0352,2014-03
12/6/2012,South,Technology,173.94,50.4426,2012-12
8/8/2013,West,Technology,179.97,86.3856,2013-08
5/4/2012,Central,Office Supplies,125.93,35.2604,2012-05
6/6/2011,South,Office Supplies,1.365,-0.91,2011-06
6/6/2011,South,Office Supplies,62.016,22.4808,2011-06
12/2/2011,East,Furniture,60.72,23.6808,2011-12
12/2/2011,East,Office Supplies,146.82,73.41,2011-12
12/2/2011,East,Furniture,239.84,64.7568,2011-12
12/2/2011,East,Office Supplies,15.66,7.2036,2011-12
3/10/2012,East,Office Supplies,89.82,25.1496,2012-03
9/6/2011,West,Furniture,41.88,12.1452,2011-09
9/6/2011,West,Office Supplies,58.48,27.4856,2011-09
10/2/2012,South,Office Supplies,7.38,-5.412,2012-10
5/7/2013,Central,Office Supplies,54.48,15.2544,2013-05
5/7/2014,South,Office Supplies,68.541,-52.5481,2014-05
5/7/2014,South,Technology,627.168,70.5564,2014-05
5/7/2014,South,Office Supplies,122.12,39.689,2014-05
8/6/2014,Central,Office Supplies,125.88,60.4224,2014-08
8/6/2014,Central,Technology,79.78,29.5186,2014-08
8/6/2014,Central,Office Supplies,133.2,66.6,2014-08
8/10/2012,West,Technology,438.368,38.3572,2012-08
8/10/2012,West,Technology,139.944,-31.4874,2012-08
8/10/2012,West,Office Supplies,133.472,15.0156,2012-08
9/9/2014,Central,Office Supplies,42.616,-68.1856,2014-09
9/9/2014,Central,Technology,319.984,107.9946,2014-09
9/9/2014,Central,Office Supplies,45.92,15.498,2014-09
9/9/2014,Central,Furniture,21.184,-11.6512,2014-09
9/9/2014,Central,Office Supplies,20.736,7.2576,2014-09
9/9/2014,Central,Furniture,213.43,-39.637,2014-09
8/8/2012,East,Office Supplies,39.66,11.898,2012-08
8/8/2012,East,Office Supplies,113.92,33.0368,2012-08
8/8/2012,East,Office Supplies,447.86,210.4942,2012-08
9/11/2012,West,Office Supplies,265.86,79.758,2012-09
9/5/2012,South,Furniture,67.96,12.2328,2012-09
10/10/2011,West,Furniture,46.872,3.5154,2011-10
9/3/2014,East,Office Supplies,10.9,2.834,2014-09
9/3/2014,East,Office Supplies,79.92,37.5624,2014-09
9/3/2014,East,Office Supplies,146.82,73.41,2014-09
1/2/2014,Central,Office Supplies,3.6,1.728,2014-01
11/5/2011,West,Furniture,20.04,8.8176,2011-11
3/11/2014,West,Technology,111.96,21.2724,2014-03
12/3/2014,Central,Office Supplies,12.16,2.128,2014-12
8/1/2014,Central,Office Supplies,17.52,8.4096,2014-08
8/1/2014,Central,Office Supplies,155.88,54.558,2014-08
8/12/2014,South,Office Supplies,477.51,219.6546,2014-08
10/1/2014,East,Office Supplies,164.88,80.7912,2014-10
12/3/2013,East,Office Supplies,415.176,134.9322,2013-12
12/3/2013,East,Office Supplies,35.232,11.4504,2013-12
12/3/2013,East,Office Supplies,54.96,26.9304,2013-12
9/11/2013,South,Technology,519.68,58.464,2013-09
12/10/2013,West,Office Supplies,273.92,99.296,2013-12
4/9/2013,South,Office Supplies,30,14.4,2013-04
4/9/2013,South,Office Supplies,25.92,12.7008,2013-04
4/9/2013,South,Furniture,159.92,31.984,2013-04
9/5/2014,East,Office Supplies,14.82,6.9654,2014-09
8/11/2014,Central,Office Supplies,177.2,83.284,2014-08
11/5/2013,South,Furniture,50.496,8.2056,2013-11
7/4/2011,West,Office Supplies,177.536,62.1376,2011-07
7/4/2011,West,Office Supplies,32.432,3.2432,2011-07
4/11/2013,West,Office Supplies,113.76,44.3664,2013-04
4/11/2013,West,Office Supplies,579.51,81.1314,2013-04
4/11/2013,West,Office Supplies,150.66,6.0264,2013-04
4/11/2013,West,Office Supplies,48.032,15.6104,2013-04
7/7/2014,West,Furniture,122.136,-13.7403,2014-07
12/12/2014,East,Office Supplies,14.952,5.0463,2014-12
12/12/2014,East,Office Supplies,17.94,8.073,2014-12
12/12/2014,East,Technology,116.98,29.245,2014-12
12/3/2014,South,Office Supplies,32.776,2.4582,2014-12
9/3/2013,Central,Office Supplies,29.24,9.8685,2013-09
9/3/2013,Central,Office Supplies,35.168,-8.3524,2013-09
9/3/2013,Central,Technology,1362.9,-19.47,2013-09
8/12/2011,East,Office Supplies,196.21,98.105,2011-08
12/10/2014,West,Office Supplies,419.4,146.79,2014-12
12/10/2014,West,Office Supplies,13.005,-9.9705,2014-12
11/5/2013,West,Office Supplies,7.712,2.7956,2013-11
11/5/2013,West,Office Supplies,4.176,1.305,2013-11
11/5/2013,West,Office Supplies,38.88,18.6624,2013-11
9/6/2013,Central,Office Supplies,93.456,-17.523,2013-09
9/4/2013,East,Furniture,344.94,31.0446,2013-09
9/4/2013,East,Furniture,14.76,4.2804,2013-09
9/4/2013,East,Office Supplies,12.76,5.8696,2013-09
9/4/2013,East,Office Supplies,58.48,27.4856,2013-09
9/7/2012,South,Office Supplies,140.736,12.3144,2012-09
11/11/2013,West,Furniture,9.98,2.7944,2013-11
10/5/2011,West,Technology,99.98,34.993,2011-10
11/3/2014,West,Office Supplies,168.1,43.706,2014-11
10/3/2013,Central,Office Supplies,32.48,4.872,2013-10
10/3/2013,Central,Technology,17499.95,8399.976,2013-10
10/3/2013,Central,Office Supplies,735.98,331.191,2013-10
10/3/2013,Central,Office Supplies,34.37,16.8413,2013-10
10/3/2013,Central,Office Supplies,33.96,9.5088,2013-10
10/10/2012,Central,Office Supplies,8.016,1.002,2012-10
9/9/2013,West,Furniture,146.04,-12.7785,2013-09
7/6/2012,East,Office Supplies,11.12,2.8912,2012-07
2/6/2014,West,Office Supplies,1640.7,459.396,2014-02
2/6/2014,West,Technology,371.2,41.76,2014-02
12/6/2012,East,Office Supplies,14.832,-10.3824,2012-12
7/6/2011,West,Furniture,478.48,47.848,2011-07
5/10/2013,West,Office Supplies,32.04,14.418,2013-05
1/8/2013,Central,Furniture,1565.88,407.1288,2013-01
1/8/2013,Central,Office Supplies,106.05,49.8435,2013-01
12/2/2014,Central,Office Supplies,10.368,3.6288,2014-12
12/6/2013,Central,Office Supplies,11.952,3.8844,2013-12
9/6/2013,South,Office Supplies,25.06,11.7782,2013-09
9/6/2013,South,Furniture,1652.94,314.0586,2013-09
12/1/2012,West,Furniture,2003.92,125.245,2012-12
12/1/2012,West,Office Supplies,32.4,15.552,2012-12
12/1/2012,West,Furniture,1913.4,401.814,2012-12
12/1/2012,West,Office Supplies,146.73,2.9346,2012-12
12/1/2012,West,Office Supplies,114.2,52.532,2012-12
9/11/2014,East,Technology,37.056,8.8008,2014-09
9/11/2014,East,Technology,259.896,-56.3108,2014-09
9/7/2012,East,Technology,559.93,167.979,2012-09
9/3/2014,Central,Office Supplies,16,5.6,2014-09
9/3/2014,Central,Office Supplies,5.588,-15.0876,2014-09
9/3/2014,Central,Office Supplies,235.92,-44.235,2014-09
12/7/2014,West,Office Supplies,10.68,2.8836,2014-12
12/11/2014,South,Furniture,14.76,4.2804,2014-12
8/2/2014,West,Office Supplies,186.54,50.3658,2014-08
5/3/2014,West,Technology,159.56,59.0372,2014-05
6/12/2012,South,Technology,55.984,4.1988,2012-06
4/5/2014,East,Office Supplies,16.98,8.49,2014-04
12/1/2014,Central,Technology,95.976,-10.7973,2014-12
9/3/2013,Central,Furniture,84.272,-75.8448,2013-09
11/6/2013,West,Technology,479.72,52.7692,2013-11
10/1/2013,East,Furniture,523.92,-26.196,2013-10
11/9/2012,West,Office Supplies,2.48,1.1656,2012-11
10/2/2012,West,Office Supplies,11.808,4.1328,2012-10
10/2/2012,West,Office Supplies,53.568,19.4184,2012-10
10/2/2012,West,Technology,503.96,50.396,2012-10
11/11/2014,West,Office Supplies,7.8,2.106,2014-11
1/10/2013,West,Furniture,24.85,7.7035,2013-01
11/7/2011,East,Office Supplies,5.92,2.8416,2011-11
11/7/2011,East,Office Supplies,30.18,13.8828,2011-11
9/2/2013,Central,Office Supplies,24.1,11.086,2013-09
9/2/2013,Central,Technology,8.78,2.2828,2013-09
9/2/2013,Central,Office Supplies,376.74,71.162,2013-09
9/2/2013,Central,Office Supplies,29.52,14.4648,2013-09
9/2/2013,Central,Office Supplies,11.96,2.99,2013-09
9/2/2013,Central,Office Supplies,26.4,12.672,2013-09
11/12/2014,South,Office Supplies,1158.12,130.2885,2014-11
12/12/2014,Central,Office Supplies,1.392,-3.7584,2014-12
11/8/2012,South,Office Supplies,44.43,18.6606,2012-11
11/8/2012,South,Technology,226.2,58.812,2012-11
11/8/2012,South,Furniture,186.54,41.0388,2012-11
11/8/2012,South,Office Supplies,265.86,79.758,2012-11
11/8/2012,South,Office Supplies,27.9,6.975,2012-11
11/1/2012,East,Furniture,205.164,13.6776,2012-11
12/10/2014,West,Furniture,148.257,15.6978,2014-12
3/11/2011,South,Office Supplies,146.76,38.1576,2011-03
3/11/2011,South,Technology,32.96,14.1728,2011-03
3/11/2011,South,Technology,587.97,164.6316,2011-03
3/11/2011,South,Office Supplies,14.94,7.0218,2011-03
2/7/2014,East,Technology,227.46,65.9634,2014-02
2/7/2014,East,Office Supplies,46.24,15.606,2014-02
11/12/2013,East,Office Supplies,28.14,7.8792,2013-11
11/12/2013,East,Technology,36,6.48,2013-11
11/12/2013,East,Office Supplies,92.94,25.0938,2013-11
11/12/2013,East,Furniture,245.646,8.1882,2013-11
11/12/2013,East,Office Supplies,55.008,17.19,2013-11
11/12/2013,East,Office Supplies,35.232,11.4504,2013-11
11/10/2014,West,Furniture,523.392,52.3392,2014-11
5/2/2011,South,Technology,479.984,89.997,2011-05
11/4/2013,Central,Office Supplies,9.248,3.3524,2013-11
4/8/2011,West,Furniture,99.592,2.4898,2011-04
4/8/2011,West,Technology,399.96,139.986,2011-04
12/12/2013,West,Office Supplies,209.6,68.12,2013-12
12/12/2013,West,Office Supplies,23.32,6.0632,2013-12
12/12/2013,West,Office Supplies,30.98,13.941,2013-12
12/12/2013,West,Technology,119.96,25.1916,2013-12
12/12/2013,West,Furniture,363.92,-31.843,2013-12
12/12/2013,West,Office Supplies,35.808,11.19,2013-12
12/12/2013,West,Office Supplies,122.688,39.8736,2013-12
12/12/2013,West,Furniture,892.136,111.517,2013-12
12/12/2013,West,Office Supplies,50.22,2.0088,2013-12
12/12/2013,West,Office Supplies,83.42,24.1918,2013-12
12/12/2013,West,Office Supplies,5.872,2.1286,2013-12
2/3/2012,West,Office Supplies,12.144,4.0986,2012-02
9/1/2014,West,Office Supplies,6.208,0.6984,2014-09
2/5/2014,East,Office Supplies,32.67,8.4942,2014-02
12/6/2011,West,Office Supplies,1261.33,327.9458,2011-12
8/9/2011,West,Office Supplies,5.98,2.691,2011-08
9/6/2013,Central,Office Supplies,9.248,3.3524,2013-09
9/3/2013,South,Office Supplies,22.911,-17.5651,2013-09
9/3/2013,South,Office Supplies,309.456,34.8138,2013-09
9/3/2013,South,Office Supplies,19.456,3.4048,2013-09
9/3/2013,South,Furniture,472.518,-149.6307,2013-09
9/3/2013,South,Technology,1012.68,303.804,2013-09
9/3/2013,South,Office Supplies,17.22,-12.628,2013-09
8/4/2014,West,Office Supplies,99.87,23.9688,2014-08
1/9/2012,South,Office Supplies,106.32,49.9704,2012-01
1/9/2012,South,Office Supplies,163.44,45.7632,2012-01
1/9/2012,South,Office Supplies,42.76,11.1176,2012-01
1/9/2012,South,Office Supplies,51.55,24.2285,2012-01
2/9/2012,Central,Technology,479.952,89.991,2012-02
11/7/2014,East,Office Supplies,318.96,149.9112,2014-11
8/2/2013,Central,Office Supplies,19.648,6.6312,2013-08
9/5/2014,West,Office Supplies,421.1,105.275,2014-09
5/6/2013,West,Furniture,1685.88,320.3172,2013-05
5/6/2013,West,Office Supplies,5.728,2.0048,2013-05
12/2/2014,West,Office Supplies,41.86,18.837,2014-12
12/2/2014,West,Furniture,141.96,41.1684,2014-12
8/9/2012,East,Furniture,10.02,4.4088,2012-08
8/9/2012,East,Office Supplies,144.12,69.1776,2012-08
9/8/2014,Central,Technology,113.52,46.5432,2014-09
9/8/2014,Central,Furniture,135.3,37.884,2014-09
3/12/2014,East,Technology,776.85,-181.265,2014-03
3/12/2014,East,Office Supplies,12.294,-8.6058,2014-03
3/12/2014,East,Furniture,154.764,-46.4292,2014-03
3/12/2014,East,Office Supplies,43.28,3.246,2014-03
10/9/2011,South,Office Supplies,88.768,31.0688,2011-10
12/10/2012,Central,Office Supplies,53.088,-108.8304,2012-12
7/4/2011,South,Office Supplies,21.84,10.92,2011-07
7/4/2011,South,Office Supplies,15.6,7.644,2011-07
10/9/2014,East,Furniture,145.764,3.2392,2014-10
5/5/2014,East,Office Supplies,2.202,-1.5414,2014-05
5/5/2014,East,Office Supplies,9.396,-7.5168,2014-05
1/7/2011,South,Office Supplies,12.78,5.2398,2011-01
5/1/2014,West,Office Supplies,23.24,7.553,2014-05
10/2/2013,South,Office Supplies,5.388,-4.49,2013-10
10/2/2013,South,Office Supplies,30.976,5.0336,2013-10
2/12/2013,South,Office Supplies,1350.12,175.5156,2013-02
2/12/2013,South,Office Supplies,15.92,7.4824,2013-02
8/11/2012,East,Office Supplies,11.96,3.1096,2012-08
8/11/2012,East,Technology,138,34.5,2012-08
9/10/2012,East,Office Supplies,6.08,2.0672,2012-09
10/3/2014,West,Furniture,17.46,5.9364,2014-10
10/3/2014,West,Technology,369.16,32.3015,2014-10
9/12/2013,West,Office Supplies,2.912,0.91,2013-09
9/12/2013,West,Office Supplies,20.736,7.2576,2013-09
9/12/2013,West,Office Supplies,9.568,2.99,2013-09
6/3/2013,West,Office Supplies,30.18,13.8828,2013-06
6/3/2013,West,Office Supplies,51.648,18.7224,2013-06
6/3/2013,West,Office Supplies,11.232,3.9312,2013-06
5/3/2012,West,Office Supplies,8.82,2.5578,2012-05
5/3/2012,West,Office Supplies,62.496,21.8736,2012-05
5/3/2012,West,Technology,339.96,122.3856,2012-05
5/3/2012,West,Office Supplies,49.568,17.3488,2012-05
1/10/2014,East,Office Supplies,274.491,-228.7425,2014-01
9/3/2014,Central,Technology,40.68,-7.119,2014-09
3/9/2013,East,Furniture,113.6,44.304,2013-03
3/9/2013,East,Office Supplies,12.96,6.3504,2013-03
3/9/2013,East,Office Supplies,69.456,22.5732,2013-03
12/7/2011,West,Office Supplies,8.64,2.4192,2011-12
7/11/2013,East,Technology,341.991,-319.1916,2013-07
2/10/2014,West,Office Supplies,354.9,17.745,2014-02
3/3/2011,East,Office Supplies,15.12,4.914,2011-03
3/3/2011,East,Furniture,302.45,-199.617,2011-03
3/3/2011,East,Office Supplies,44.672,-10.0512,2011-03
6/4/2012,West,Technology,119.98,35.994,2012-06
6/4/2012,West,Technology,989.97,395.988,2012-06
6/11/2014,West,Office Supplies,14.7,4.116,2014-06
10/11/2013,South,Office Supplies,20.608,-4.3792,2013-10
10/11/2013,South,Office Supplies,4.095,-2.73,2013-10
11/2/2011,South,Technology,799.92,239.976,2011-11
9/10/2014,East,Office Supplies,25.92,3.888,2014-09
9/10/2014,East,Furniture,66.112,-9.0904,2014-09
9/2/2011,Central,Technology,559.71,-121.2705,2011-09
12/5/2014,South,Technology,649,-272.58,2014-12
5/4/2011,Central,Office Supplies,37.84,2.838,2011-05
5/4/2011,Central,Office Supplies,5.472,1.8468,2011-05
2/10/2012,East,Office Supplies,77.24,7.724,2012-02
9/5/2014,South,Furniture,97.184,6.074,2014-09
9/5/2014,South,Office Supplies,10.368,3.6288,2014-09
11/6/2013,West,Technology,72,12.96,2013-11
11/6/2013,West,Furniture,113.888,9.9652,2013-11
11/6/2013,West,Office Supplies,158.13,77.4837,2013-11
6/11/2014,East,Office Supplies,14.13,0.7065,2014-06
8/10/2012,Central,Office Supplies,64.75,29.1375,2012-08
10/9/2012,South,Office Supplies,1.872,-1.3104,2012-10
10/9/2012,South,Office Supplies,11.214,-8.5974,2012-10
10/9/2012,South,Office Supplies,37.376,7.4752,2012-10
5/12/2014,East,Office Supplies,43.92,12.7368,2014-05
9/4/2014,Central,Office Supplies,8.904,3.339,2014-09
9/4/2014,Central,Technology,100.8,21.42,2014-09
12/6/2014,East,Furniture,41.96,10.9096,2014-12
12/6/2014,East,Office Supplies,9.45,4.536,2014-12
11/11/2014,West,Office Supplies,400.8,112.224,2014-11
11/11/2014,West,Office Supplies,28.792,10.0772,2014-11
4/11/2012,South,Furniture,67.36,10.104,2012-04
4/11/2012,South,Furniture,54.528,14.3136,2012-04
12/12/2014,South,Furniture,721.875,-420,2014-12
12/12/2014,South,Technology,73.568,-16.5528,2014-12
12/12/2014,South,Office Supplies,13.584,1.3584,2014-12
12/12/2014,South,Furniture,64.784,-12.147,2014-12
3/3/2011,Central,Office Supplies,176.772,-459.6072,2011-03
11/11/2014,West,Technology,111.79,43.5981,2014-11
2/7/2014,West,Office Supplies,29.9,13.455,2014-02
10/10/2013,West,Office Supplies,1.408,0.1584,2013-10
10/10/2013,West,Furniture,169.568,0,2013-10
3/9/2012,South,Office Supplies,4.608,1.6704,2012-03
1/8/2014,West,Office Supplies,153.78,44.5962,2014-01
1/8/2014,West,Office Supplies,61.02,0.6102,2014-01
1/8/2014,West,Office Supplies,110.11,31.9319,2014-01
1/8/2014,West,Office Supplies,7.89,3.5505,2014-01
11/3/2014,Central,Office Supplies,54.336,5.4336,2014-11
12/5/2014,East,Office Supplies,74.352,23.235,2014-12
5/3/2014,West,Office Supplies,15.7,7.065,2014-05
5/3/2014,West,Office Supplies,59.52,15.4752,2014-05
5/3/2014,West,Office Supplies,34.4,15.824,2014-05
7/12/2011,Central,Office Supplies,35.856,12.9978,2011-07
7/12/2011,Central,Technology,23.84,3.278,2011-07
9/9/2013,West,Furniture,43.13,14.6642,2013-09
9/9/2013,West,Office Supplies,30.87,14.2002,2013-09
8/7/2014,East,Office Supplies,70.12,21.036,2014-08
4/8/2011,East,Furniture,172.11,-94.6605,2011-04
4/11/2014,East,Office Supplies,195.104,21.9492,2014-04
4/11/2014,East,Furniture,36.672,6.4176,2014-04
8/9/2011,West,Office Supplies,4.464,-0.9486,2011-08
8/9/2011,West,Office Supplies,9.345,-6.5415,2011-08
9/3/2014,West,Office Supplies,18.72,6.552,2014-09
9/3/2014,West,Furniture,236.528,-2.9566,2014-09
12/9/2011,Central,Office Supplies,10.688,3.7408,2011-12
12/9/2011,Central,Office Supplies,237.096,20.7459,2011-12
2/4/2014,Central,Office Supplies,5.184,1.8144,2014-02
2/4/2014,Central,Office Supplies,65.584,23.7742,2014-02
2/4/2014,Central,Furniture,22.2,-26.085,2014-02
2/4/2014,Central,Office Supplies,419.4,146.79,2014-02
11/12/2014,South,Furniture,88.92,14.4495,2014-11
4/11/2012,West,Technology,639.968,215.9892,2012-04
4/11/2012,West,Office Supplies,52.76,24.2696,2012-04
9/9/2013,West,Office Supplies,14.88,3.72,2013-09
9/9/2013,West,Office Supplies,34.24,15.408,2013-09
9/9/2013,West,Office Supplies,261.74,65.435,2013-09
11/12/2014,West,Furniture,34.92,11.8728,2014-11
7/2/2013,West,Technology,1499.95,449.985,2013-07
4/11/2013,Central,Office Supplies,13.568,3.2224,2013-04
1/7/2011,South,Furniture,2573.82,746.4078,2011-01
1/7/2011,South,Office Supplies,609.98,274.491,2011-01
1/7/2011,South,Office Supplies,5.48,1.4796,2011-01
1/7/2011,South,Technology,391.98,113.6742,2011-01
1/7/2011,South,Technology,755.96,204.1092,2011-01
1/7/2011,South,Office Supplies,31.12,0.3112,2011-01
1/7/2011,South,Office Supplies,6.54,3.0084,2011-01
9/2/2013,West,Office Supplies,12.78,5.751,2013-09
11/6/2014,West,Office Supplies,12.96,6.2208,2014-11
9/10/2012,West,Furniture,106.68,33.0708,2012-09
9/12/2014,Central,Office Supplies,10.272,3.21,2014-09
9/12/2014,Central,Furniture,512.19,-65.853,2014-09
9/12/2014,Central,Office Supplies,1.556,-4.2012,2014-09
6/9/2014,Central,Office Supplies,12.176,-18.8728,2014-06
11/2/2011,West,Technology,46.384,5.2182,2011-11
11/2/2011,West,Office Supplies,362.92,105.2468,2011-11
12/10/2014,South,Office Supplies,29.36,13.5056,2014-12
12/10/2014,South,Office Supplies,214.9,62.321,2014-12
12/10/2014,South,Office Supplies,15.92,7.4824,2014-12
12/10/2014,South,Technology,146.45,48.3285,2014-12
12/10/2014,South,Office Supplies,15.14,0.6056,2014-12
12/10/2014,South,Office Supplies,5.76,2.6496,2014-12
12/10/2014,South,Technology,1399.98,629.991,2014-12
9/6/2013,East,Office Supplies,8.952,-7.46,2013-09
9/6/2013,East,Office Supplies,8.856,-6.4944,2013-09
9/6/2013,East,Furniture,85.246,-1.2178,2013-09
9/10/2011,West,Office Supplies,21.728,7.6048,2011-09
9/10/2011,West,Furniture,1487.04,148.704,2011-09
4/1/2014,West,Office Supplies,29.7,8.019,2014-04
12/4/2014,Central,Furniture,13.592,-14.2716,2014-12
12/3/2014,West,Office Supplies,114.288,12.8574,2014-12
12/3/2014,West,Office Supplies,36.624,-24.416,2014-12
12/3/2014,West,Furniture,242.352,-363.528,2014-12
12/3/2014,West,Technology,49.616,4.9616,2014-12
12/3/2014,West,Furniture,508.704,0,2014-12
12/3/2014,West,Technology,57.36,-14.34,2014-12
12/3/2014,West,Furniture,906.68,68.001,2014-12
10/10/2011,Central,Technology,719.952,71.9952,2011-10
10/10/2011,Central,Technology,755.944,66.1451,2011-10
10/10/2011,Central,Office Supplies,11.98,-19.168,2011-10
10/10/2011,Central,Office Supplies,0.898,-1.5715,2011-10
9/6/2013,Central,Furniture,21.204,-11.6622,2013-09
5/10/2011,East,Furniture,349.965,-216.9783,2011-05
5/10/2011,East,Office Supplies,22.32,5.301,2011-05
11/1/2011,East,Office Supplies,533.94,154.8426,2011-11
11/1/2011,East,Office Supplies,167.94,82.2906,2011-11
11/1/2011,East,Furniture,31.68,9.8208,2011-11
9/4/2013,Central,Furniture,198.744,0,2013-09
10/6/2014,West,Technology,63.824,13.5626,2014-10
12/5/2011,West,Office Supplies,26.46,11.907,2011-12
12/5/2011,West,Office Supplies,49.12,23.0864,2011-12
12/5/2011,West,Office Supplies,15,7.2,2011-12
12/8/2012,West,Office Supplies,221.96,4.4392,2012-12
12/8/2012,West,Technology,236,40.12,2012-12
11/2/2011,West,Technology,41.94,15.0984,2011-11
11/2/2011,West,Technology,52.792,4.6193,2011-11
9/6/2013,East,Furniture,58.248,11.6496,2013-09
9/6/2013,East,Furniture,71.246,-19.3382,2013-09
9/6/2013,East,Office Supplies,7.872,0.5904,2013-09
9/6/2013,East,Furniture,887.271,-63.3765,2013-09
7/9/2013,East,Office Supplies,12.96,6.2208,2013-07
5/4/2014,West,Office Supplies,25.92,12.4416,2014-05
5/4/2014,West,Office Supplies,22.96,6.6584,2014-05
2/8/2012,Central,Office Supplies,9.54,4.293,2012-02
2/8/2012,Central,Office Supplies,5.81,1.8011,2012-02
2/8/2012,Central,Office Supplies,5.76,1.728,2012-02
12/11/2013,East,Office Supplies,18.54,8.7138,2013-12
12/11/2013,East,Office Supplies,679.96,220.987,2013-12
3/3/2014,East,Office Supplies,59.52,15.4752,2014-03
3/3/2014,East,Office Supplies,57.96,27.2412,2014-03
3/3/2014,East,Furniture,441.96,101.6508,2014-03
3/3/2014,East,Office Supplies,68.04,33.3396,2014-03
10/7/2013,West,Technology,703.71,-938.28,2013-10
10/7/2013,West,Office Supplies,17.904,-14.92,2013-10
10/7/2013,West,Office Supplies,11.976,-9.1816,2013-10
10/7/2013,West,Technology,67.96,0.8495,2013-10
4/5/2012,West,Furniture,892.224,89.2224,2012-04
9/9/2011,South,Technology,1299.99,-571.9956,2011-09
8/8/2014,Central,Technology,119.448,-13.4379,2014-08
8/8/2014,Central,Office Supplies,118.16,-25.109,2014-08
6/2/2014,Central,Office Supplies,53.9,25.872,2014-06
1/8/2011,Central,Furniture,76.728,-53.7096,2011-01
1/8/2011,Central,Office Supplies,10.43,-18.2525,2011-01
10/5/2013,East,Office Supplies,30.4,13.984,2013-10
10/5/2013,East,Technology,5399.91,2591.9568,2013-10
10/5/2013,East,Office Supplies,119.1,34.539,2013-10
5/7/2014,West,Office Supplies,152.94,41.2938,2014-05
10/8/2011,South,Technology,23.472,4.9878,2011-10
7/3/2014,Central,Office Supplies,163.96,59.4355,2014-07
7/3/2014,Central,Office Supplies,5.232,-8.1096,2014-07
4/2/2012,West,Technology,87.8,32.925,2012-04
12/5/2011,West,Office Supplies,250.26,72.5754,2011-12
11/4/2014,East,Technology,40.776,0.5097,2014-11
1/6/2012,West,Office Supplies,29.6,9.25,2012-01
1/6/2012,West,Office Supplies,1.938,-1.3566,2012-01
9/10/2014,West,Technology,159.96,51.1872,2014-09
1/5/2012,East,Office Supplies,59.52,15.4752,2012-01
1/5/2012,East,Office Supplies,17.48,8.2156,2012-01
1/5/2012,East,Office Supplies,13.168,4.6088,2012-01
9/10/2012,Central,Furniture,179.886,-2.5698,2012-09
6/3/2014,Central,Office Supplies,10.688,3.7408,2014-06
12/6/2011,South,Office Supplies,42.208,13.7176,2011-12
12/4/2014,Central,Office Supplies,10.368,3.6288,2014-12
2/3/2012,South,Office Supplies,74.52,35.0244,2012-02
8/2/2013,West,Technology,1039.728,90.9762,2013-08
8/2/2013,West,Office Supplies,45.96,13.788,2013-08
3/8/2012,Central,Office Supplies,8.568,-14.5656,2012-03
11/5/2013,South,Office Supplies,45.248,3.9592,2013-11
11/5/2013,South,Furniture,876.3,-292.1,2013-11
11/5/2013,South,Office Supplies,185.376,-34.758,2013-11
12/12/2012,West,Office Supplies,32.4,15.876,2012-12
12/12/2012,West,Office Supplies,97.88,48.94,2012-12
7/12/2012,Central,Technology,307.168,30.7168,2012-07
10/2/2012,East,Office Supplies,26.9,13.181,2012-10
6/2/2014,East,Office Supplies,324.744,-77.1267,2014-06
1/8/2013,South,Office Supplies,30.828,-24.6624,2013-01
1/8/2013,South,Office Supplies,47.616,5.952,2013-01
1/8/2013,South,Technology,108.784,10.8784,2013-01
6/9/2014,West,Furniture,1497.666,140.9568,2014-06
6/9/2014,West,Technology,17.52,-3.504,2014-06
12/9/2014,East,Office Supplies,592.74,160.0398,2014-12
2/3/2012,East,Furniture,90.882,15.147,2012-02
11/1/2014,Central,Technology,508.768,38.1576,2014-11
11/1/2014,Central,Office Supplies,9.912,3.2214,2014-11
5/10/2013,Central,Technology,19.136,1.9136,2013-05
5/3/2013,Central,Office Supplies,18.936,-3.7872,2013-05
5/3/2013,Central,Office Supplies,12.672,-3.168,2013-05
5/3/2013,Central,Office Supplies,5.04,1.764,2013-05
12/9/2011,Central,Office Supplies,8.448,2.9568,2011-12
12/9/2011,Central,Office Supplies,20.388,-53.0088,2011-12
12/8/2014,South,Office Supplies,320.64,89.7792,2014-12
12/8/2014,South,Technology,52,23.4,2014-12
3/3/2014,East,Office Supplies,18.528,-12.352,2014-03
10/12/2012,West,Technology,17.9,3.401,2012-10
10/12/2012,West,Office Supplies,81.96,0,2012-10
7/4/2014,South,Technology,24,-2.7,2014-07
10/4/2013,West,Office Supplies,6.16,2.9568,2013-10
10/4/2013,West,Furniture,915.136,102.9528,2013-10
10/4/2013,West,Office Supplies,8.56,3.852,2013-10
10/4/2013,West,Office Supplies,97.82,45.9754,2013-10
9/10/2014,West,Office Supplies,31.104,11.2752,2014-09
9/10/2014,West,Office Supplies,11.176,0.8382,2014-09
3/12/2012,South,Office Supplies,5.04,1.764,2012-03
12/4/2014,West,Office Supplies,13.344,1.0008,2014-12
12/4/2014,West,Technology,76.752,10.5534,2014-12
12/4/2014,West,Technology,102.336,14.0712,2014-12
12/4/2014,West,Office Supplies,10.32,3.741,2014-12
12/4/2014,West,Office Supplies,47.32,5.915,2014-12
12/4/2014,West,Furniture,23.376,7.0128,2014-12
12/4/2014,West,Furniture,16.72,3.344,2014-12
12/4/2014,West,Furniture,16.192,4.6552,2014-12
11/7/2012,Central,Office Supplies,76.64,26.824,2012-11
12/4/2013,West,Furniture,268.704,6.7176,2013-12
12/4/2013,West,Office Supplies,21.92,5.9184,2013-12
12/4/2013,West,Office Supplies,48.72,7.308,2013-12
12/4/2013,West,Furniture,205.666,-12.098,2013-12
9/5/2014,Central,Office Supplies,30.384,3.798,2014-09
7/4/2012,West,Office Supplies,22.848,7.4256,2012-07
3/1/2011,Central,Office Supplies,18.84,-3.5325,2011-03
3/1/2011,Central,Furniture,362.25,0,2011-03
3/1/2011,Central,Furniture,63.552,-34.9536,2011-03
3/1/2011,Central,Office Supplies,129.552,-22.6716,2011-03
4/1/2011,East,Office Supplies,66.96,2.6784,2011-04
4/1/2011,East,Office Supplies,6.24,3.0576,2011-04
10/6/2014,West,Furniture,435.168,-59.8356,2014-10
10/6/2014,West,Office Supplies,14.9,6.854,2014-10
10/6/2014,West,Office Supplies,15.8,4.108,2014-10
10/6/2014,West,Furniture,72.9,26.973,2014-10
10/6/2014,West,Furniture,206.352,5.1588,2014-10
10/6/2014,West,Technology,7.992,2.6973,2014-10
10/11/2013,West,Furniture,90.882,-190.8522,2013-10
10/11/2013,West,Technology,15.992,-2.9985,2013-10
10/11/2013,West,Furniture,120.784,13.5882,2013-10
1/4/2011,Central,Office Supplies,16.448,5.5512,2011-01
9/10/2011,East,Office Supplies,81.92,22.1184,2011-09
9/10/2011,East,Furniture,254.9,76.47,2011-09
11/4/2014,West,Technology,199.75,87.89,2014-11
11/4/2014,West,Furniture,1673.184,20.9148,2014-11
5/4/2011,West,Furniture,12.18,3.8976,2011-05
5/4/2011,West,Office Supplies,57.68,19.0344,2011-05
11/8/2012,Central,Technology,263.96,76.5484,2012-11
12/12/2012,West,Technology,299.94,128.9742,2012-12
12/12/2012,West,Office Supplies,25.76,0.5152,2012-12
12/1/2011,East,Technology,271.9,78.851,2011-12
12/1/2011,East,Furniture,45.84,15.5856,2011-12
12/1/2011,East,Furniture,9.82,3.2406,2011-12
10/8/2013,West,Office Supplies,93.36,0.9336,2013-10
9/9/2011,East,Furniture,60.672,12.8928,2011-09
9/9/2011,East,Office Supplies,30.816,2.6964,2011-09
11/3/2014,Central,Office Supplies,83.9,20.975,2014-11
11/3/2014,Central,Office Supplies,11.76,5.7624,2014-11
9/11/2012,East,Furniture,210.68,50.5632,2012-09
9/11/2012,East,Office Supplies,78.8,1.576,2012-09
9/11/2012,East,Technology,19.99,6.7966,2012-09
9/11/2012,East,Office Supplies,772.68,108.1752,2012-09
1/7/2013,Central,Furniture,23.076,-10.9611,2013-01
1/7/2013,Central,Office Supplies,25.92,9.072,2013-01
7/11/2014,South,Office Supplies,41.91,10.8966,2014-07
7/1/2014,West,Furniture,435.999,5.1294,2014-07
3/12/2014,East,Technology,63.88,24.9132,2014-03
3/12/2014,East,Furniture,26.72,11.7568,2014-03
11/4/2014,South,Office Supplies,16.272,5.2884,2014-11
7/4/2013,East,Office Supplies,706.86,197.9208,2013-07
11/8/2013,East,Technology,263.96,71.2692,2013-11
11/8/2013,East,Technology,359.97,100.7916,2013-11
11/8/2013,East,Office Supplies,12.96,6.2208,2013-11
11/8/2013,East,Office Supplies,116.82,5.841,2013-11
11/8/2013,East,Office Supplies,276.784,89.9548,2013-11
1/2/2014,Central,Office Supplies,454.56,-107.958,2014-01
1/2/2014,Central,Furniture,141.42,-187.3815,2014-01
1/2/2014,Central,Furniture,310.744,-26.6352,2014-01
1/2/2014,Central,Office Supplies,12.736,2.2288,2014-01
1/2/2014,Central,Office Supplies,6.47,-9.705,2014-01
1/2/2014,Central,Office Supplies,13.748,-22.6842,2014-01
1/2/2014,Central,Office Supplies,15.224,-38.8212,2014-01
7/10/2012,West,Office Supplies,39.92,12.974,2012-07
8/7/2012,East,Office Supplies,77.58,20.1708,2012-08
12/7/2011,West,Office Supplies,269.36,70.0336,2011-12
12/10/2012,West,Office Supplies,5.76,2.8224,2012-12
11/9/2014,East,Office Supplies,109.9,32.97,2014-11
3/11/2013,West,Technology,26.85,5.1015,2013-03
3/11/2013,West,Technology,3357.6,377.73,2013-03
12/9/2014,East,Furniture,215.544,-58.5048,2014-12
12/2/2013,Central,Furniture,248.43,-17.745,2013-12
12/2/2013,Central,Office Supplies,11.648,-30.8672,2013-12
12/2/2013,Central,Furniture,85.246,-1.2178,2013-12
10/4/2014,Central,Office Supplies,20.64,2.322,2014-10
7/1/2014,West,Office Supplies,204.95,100.4255,2014-07
11/12/2013,West,Furniture,41.96,10.9096,2013-11
11/12/2013,West,Furniture,451.152,0,2013-11
11/12/2013,West,Office Supplies,31.504,11.0264,2013-11
12/9/2011,East,Office Supplies,30.672,9.585,2011-12
12/9/2011,East,Technology,1079.976,125.9972,2011-12
9/8/2014,West,Furniture,161.568,-28.2744,2014-09
2/6/2012,Central,Office Supplies,2.934,-4.9878,2012-02
2/6/2012,Central,Technology,18.528,4.4004,2012-02
2/6/2012,Central,Office Supplies,670.752,-125.766,2012-02
10/8/2012,Central,Furniture,72.78,-70.9605,2012-10
11/9/2011,East,Furniture,56.52,21.4776,2011-11
2/5/2013,West,Office Supplies,14.73,7.2177,2013-02
2/5/2013,West,Office Supplies,186.54,50.3658,2013-02
2/5/2013,West,Furniture,557.728,6.9716,2013-02
2/5/2013,West,Technology,159.968,-31.9936,2013-02
6/10/2014,South,Office Supplies,49.12,23.0864,2014-06
10/5/2013,East,Furniture,239.372,-23.9372,2013-10
3/10/2013,East,Technology,199.75,87.89,2013-03
11/2/2012,West,Furniture,96.96,33.936,2012-11
11/2/2012,West,Office Supplies,117.488,41.1208,2012-11
11/2/2012,West,Office Supplies,11.952,4.1832,2012-11
11/2/2012,West,Furniture,512.499,-30.147,2012-11
8/1/2013,West,Furniture,863.128,-32.3673,2013-08
11/7/2014,West,Furniture,2036.86,366.6348,2014-11
11/7/2014,West,Furniture,449.568,-73.0548,2014-11
11/7/2014,West,Technology,108.96,32.688,2014-11
7/9/2011,West,Office Supplies,2.88,1.4112,2011-07
7/9/2011,West,Office Supplies,41.904,14.1426,2011-07
7/9/2011,West,Office Supplies,23.92,4.0664,2011-07
9/3/2013,West,Technology,999.98,449.991,2013-09
8/2/2012,West,Furniture,277.5,-188.7,2012-08
12/11/2013,East,Office Supplies,62.82,29.5254,2013-12
10/2/2012,East,Office Supplies,19.44,9.3312,2012-10
10/2/2012,East,Office Supplies,7.38,3.6162,2012-10
12/6/2012,West,Office Supplies,8.96,4.3904,2012-12
9/6/2014,South,Technology,89.568,-1.1196,2014-09
9/6/2014,South,Office Supplies,71.96,7.196,2014-09
9/6/2014,South,Office Supplies,15.552,5.4432,2014-09
11/8/2012,East,Office Supplies,67.15,16.7875,2012-11
11/8/2012,East,Technology,549.98,142.9948,2012-11
11/8/2012,East,Furniture,11.82,4.728,2012-11
11/8/2012,East,Technology,4643.8,2229.024,2012-11
11/8/2012,East,Furniture,577.764,115.5528,2012-11
9/8/2014,South,Office Supplies,81.568,7.1372,2014-09
11/8/2013,Central,Furniture,44.46,-17.784,2013-11
11/8/2013,Central,Office Supplies,314.088,19.6305,2013-11
10/3/2011,Central,Office Supplies,4.344,0.8688,2011-10
10/3/2011,Central,Furniture,31.776,-19.0656,2011-10
10/3/2011,Central,Office Supplies,4.928,1.7248,2011-10
10/3/2011,Central,Office Supplies,1.788,-3.0396,2011-10
10/3/2011,Central,Office Supplies,15.072,-3.768,2011-10
11/2/2014,East,Office Supplies,189.7,91.056,2014-11
11/2/2014,East,Office Supplies,40.99,20.0851,2014-11
4/5/2013,East,Furniture,82.64,7.4376,2013-04
4/5/2013,East,Office Supplies,31.02,8.0652,2013-04
4/5/2013,East,Technology,89.97,37.7874,2013-04
7/1/2013,South,Office Supplies,35.97,9.7119,2013-07
7/1/2013,South,Furniture,1266.86,291.3778,2013-07
5/2/2014,South,Office Supplies,3.328,0.416,2014-05
5/2/2014,South,Furniture,933.262,-458.1468,2014-05
5/2/2014,South,Furniture,2803.92,0,2014-05
9/1/2011,East,Office Supplies,23.744,8.3104,2011-09
9/1/2011,East,Technology,357,57.12,2011-09
8/12/2011,West,Technology,806.336,50.396,2011-08
8/12/2011,West,Furniture,85.44,31.6128,2011-08
5/10/2012,Central,Office Supplies,70.97,-191.619,2012-05
5/10/2012,Central,Office Supplies,36.784,3.6784,2012-05
5/11/2013,East,Technology,743.988,-123.998,2013-05
3/5/2012,Central,Office Supplies,11.212,-16.818,2012-03
3/5/2012,Central,Furniture,4.712,-1.8848,2012-03
3/5/2012,Central,Office Supplies,180.98,-470.548,2012-03
3/5/2012,Central,Office Supplies,60.416,6.0416,2012-03
7/1/2014,East,Office Supplies,1085.42,282.2092,2014-07
5/10/2014,South,Office Supplies,65.232,22.0158,2014-05
5/10/2014,South,Furniture,207,25.875,2014-05
8/12/2011,South,Office Supplies,31.104,10.8864,2011-08
8/12/2011,South,Office Supplies,47.96,4.1965,2011-08
8/12/2011,South,Technology,158.928,41.7186,2011-08
8/12/2011,South,Office Supplies,211.248,15.8436,2011-08
8/12/2011,South,Office Supplies,5.552,-1.041,2011-08
8/12/2011,South,Office Supplies,2.952,0.9963,2011-08
12/11/2012,East,Office Supplies,10.332,-7.5768,2012-12
11/4/2014,West,Office Supplies,18.368,5.9696,2014-11
7/5/2012,South,Furniture,4.928,0.7392,2012-07
7/5/2012,South,Office Supplies,11.784,4.2717,2012-07
3/11/2011,West,Office Supplies,7.98,2.0748,2011-03
11/4/2014,West,Furniture,486.368,36.4776,2014-11
8/12/2013,Central,Office Supplies,32.4,15.552,2013-08
8/12/2013,Central,Office Supplies,41.86,19.2556,2013-08
8/12/2013,Central,Office Supplies,77.56,35.6776,2013-08
3/1/2011,Central,Office Supplies,137.352,8.5845,2011-03
3/1/2011,Central,Furniture,376.509,-43.0296,2011-03
7/12/2011,Central,Furniture,512.358,-14.6388,2011-07
7/12/2011,Central,Office Supplies,3.488,0.5668,2011-07
7/12/2011,Central,Office Supplies,22.288,3.9004,2011-07
7/12/2011,Central,Office Supplies,16.032,5.6112,2011-07
4/12/2014,South,Office Supplies,1.752,0.1533,2014-04
4/12/2014,South,Office Supplies,20.992,2.3616,2014-04
12/5/2012,Central,Office Supplies,45.04,4.504,2012-12
9/9/2014,South,Office Supplies,61.68,5.397,2014-09
9/9/2014,South,Technology,158.376,13.8579,2014-09
10/7/2014,East,Office Supplies,143.7,68.976,2014-10
10/7/2014,East,Office Supplies,6.48,3.1104,2014-10
11/8/2014,East,Technology,7.88,2.5216,2014-11
3/10/2013,East,Office Supplies,11.21,3.363,2013-03
3/10/2013,East,Furniture,354.9,88.725,2013-03
3/10/2013,East,Office Supplies,17.94,8.7906,2013-03
3/10/2013,East,Office Supplies,51.8,23.31,2013-03
7/3/2013,South,Office Supplies,7.7,3.157,2013-07
6/12/2014,West,Office Supplies,61.44,16.5888,2014-06
5/4/2014,East,Furniture,32.448,7.3008,2014-05
5/4/2014,East,Office Supplies,26.388,-17.592,2014-05
5/4/2014,East,Furniture,373.47,-112.041,2014-05
5/4/2014,East,Office Supplies,64.2,-44.94,2014-05
5/4/2014,East,Office Supplies,8,2.8,2014-05
4/11/2011,West,Office Supplies,87.08,24.3824,2011-04
4/11/2011,West,Technology,105.584,9.2386,2011-04
4/11/2011,West,Technology,217.44,91.3248,2011-04
1/3/2014,Central,Office Supplies,31.744,3.968,2014-01
1/3/2014,Central,Office Supplies,5.432,-13.58,2014-01
1/3/2014,Central,Furniture,913.43,-169.637,2014-01
1/3/2014,Central,Office Supplies,372.144,27.9108,2014-01
9/7/2011,West,Office Supplies,27.36,7.3872,2011-09
9/7/2011,West,Office Supplies,20.56,9.6632,2011-09
9/7/2011,West,Office Supplies,83.92,31.47,2011-09
6/12/2013,West,Furniture,902.712,33.8517,2013-06
11/11/2013,West,Office Supplies,29.74,4.461,2013-11
1/5/2012,West,Office Supplies,87.36,23.5872,2012-01
1/5/2012,West,Office Supplies,56.16,17.55,2012-01
11/12/2012,Central,Office Supplies,64.784,-14.5764,2012-11
11/12/2012,Central,Office Supplies,15.552,5.6376,2012-11
11/12/2012,Central,Office Supplies,223.888,69.965,2012-11
9/9/2011,Central,Office Supplies,10.896,3.405,2011-09
2/8/2013,Central,Furniture,241.5,0,2013-02
9/5/2014,West,Office Supplies,11.808,4.1328,2014-09
11/1/2011,East,Office Supplies,76.12,22.0748,2011-11
12/5/2014,West,Office Supplies,11.76,5.7624,2014-12
12/2/2013,East,Technology,137.94,35.8644,2013-12
12/2/2013,East,Furniture,111.15,48.906,2013-12
12/2/2013,East,Office Supplies,901.95,297.6435,2013-12
12/2/2013,East,Furniture,366.009,-47.0583,2013-12
9/3/2011,Central,Office Supplies,7.68,-11.52,2011-09
11/3/2014,East,Furniture,155.372,-35.5136,2014-11
12/5/2012,East,Office Supplies,232.4,78.435,2012-12
12/5/2012,East,Furniture,164.646,12.8058,2012-12
12/5/2012,East,Office Supplies,22.68,11.1132,2012-12
2/1/2013,West,Office Supplies,105.52,48.5392,2013-02
7/9/2014,East,Furniture,83.92,5.8744,2014-07
7/9/2014,East,Technology,141.9,58.179,2014-07
7/9/2014,East,Furniture,39.98,9.1954,2014-07
7/9/2014,East,Office Supplies,28.91,8.673,2014-07
7/9/2014,East,Office Supplies,174.95,45.487,2014-07
12/11/2012,West,Office Supplies,110.528,38.6848,2012-12
5/10/2013,South,Office Supplies,27.86,9.1938,2013-05
3/11/2014,Central,Furniture,933.408,-173.3472,2014-03
4/7/2014,Central,Office Supplies,106.32,49.9704,2014-04
5/10/2014,West,Office Supplies,147.92,46.225,2014-05
5/10/2014,West,Office Supplies,104.28,26.07,2014-05
5/10/2014,West,Furniture,286.85,63.107,2014-05
5/10/2014,West,Office Supplies,66.96,2.6784,2014-05
5/10/2014,West,Technology,199.98,87.9912,2014-05
10/2/2012,West,Office Supplies,10.944,0.9576,2012-10
11/9/2014,East,Furniture,274.2,112.422,2014-11
12/10/2012,East,Technology,25.488,4.4604,2012-12
12/9/2013,East,Office Supplies,10.584,3.4398,2013-12
5/7/2014,West,Office Supplies,84.416,27.4352,2014-05
3/7/2013,East,Technology,431.94,-71.99,2013-03
3/7/2013,East,Office Supplies,2.043,-1.4982,2013-03
3/7/2013,East,Technology,68.238,-12.5103,2013-03
9/3/2012,Central,Office Supplies,7.5,3.6,2012-09
5/10/2012,West,Technology,46.688,-2.918,2012-05
4/9/2012,East,Office Supplies,17.94,3.0498,2012-04
4/9/2012,East,Office Supplies,370.14,144.3546,2012-04
11/12/2013,Central,Furniture,2678.94,241.1046,2013-11
4/10/2014,East,Office Supplies,37.896,-29.0536,2014-04
4/10/2014,East,Office Supplies,65.584,23.7742,2014-04
2/12/2014,East,Office Supplies,20.7,9.936,2014-02
2/2/2013,South,Technology,8749.95,2799.984,2013-02
2/2/2013,South,Office Supplies,36.4,18.2,2013-02
2/2/2013,South,Furniture,18.69,7.1022,2013-02
7/8/2014,West,Office Supplies,5.94,0.1188,2014-07
12/3/2013,West,Technology,165.6,-6.21,2013-12
3/5/2011,East,Office Supplies,59.52,15.4752,2011-03
3/5/2011,East,Technology,479.97,177.5889,2011-03
3/5/2011,East,Office Supplies,18.62,5.3998,2011-03
3/5/2011,East,Office Supplies,49.632,16.7508,2011-03
3/5/2011,East,Office Supplies,97.82,45.9754,2011-03
5/3/2013,Central,Furniture,366.744,-110.0232,2013-05
3/9/2013,Central,Office Supplies,8.856,-14.1696,2013-03
3/9/2013,Central,Technology,27.96,8.388,2013-03
3/9/2013,Central,Office Supplies,146.352,49.3938,2013-03
12/11/2012,Central,Technology,175.23,61.3305,2012-12
12/11/2012,Central,Technology,125.99,31.4975,2012-12
12/11/2012,Central,Office Supplies,23,10.35,2012-12
2/2/2013,Central,Furniture,73.784,-77.4732,2013-02
6/6/2014,South,Office Supplies,20.736,7.2576,2014-06
4/8/2013,East,Office Supplies,3.64,0.9828,2013-04
6/5/2014,Central,Furniture,30.336,-17.4432,2014-06
12/5/2014,East,Furniture,12.99,1.5588,2014-12
12/5/2014,East,Furniture,182.22,45.555,2014-12
12/5/2014,East,Furniture,302.94,18.1764,2014-12
1/11/2013,East,Furniture,54.992,8.9362,2013-01
4/2/2013,Central,Technology,12.99,0.2598,2013-04
11/11/2014,West,Furniture,241.424,-36.2136,2014-11
12/1/2013,Central,Office Supplies,33.36,16.68,2013-12
12/1/2013,Central,Office Supplies,13.76,6.3296,2013-12
12/1/2013,Central,Office Supplies,496.86,24.843,2013-12
12/1/2013,Central,Furniture,389.97,35.0973,2013-12
6/7/2012,East,Office Supplies,18.312,-12.208,2012-06
6/7/2012,East,Office Supplies,25.92,9.072,2012-06
6/7/2012,East,Office Supplies,8.016,1.002,2012-06
3/10/2014,West,Technology,479.984,59.998,2014-03
3/10/2014,West,Office Supplies,30.84,9.6375,2014-03
8/6/2011,East,Technology,199.98,83.9916,2011-08
12/5/2012,West,Technology,39,17.55,2012-12
12/5/2012,West,Office Supplies,12.6,6.048,2012-12
9/11/2012,West,Furniture,24.64,4.004,2012-09
12/10/2013,South,Furniture,1056.86,158.529,2013-12
4/3/2013,Central,Furniture,1454.9,378.274,2013-04
5/1/2014,South,Office Supplies,4.842,-3.5508,2014-05
5/1/2014,South,Furniture,220.704,-8.2764,2014-05
11/11/2013,East,Office Supplies,31.104,10.8864,2013-11
12/7/2013,East,Office Supplies,968.744,314.8418,2013-12
12/7/2013,East,Office Supplies,222.352,77.8232,2013-12
12/7/2013,East,Technology,479.984,89.997,2013-12
4/4/2013,Central,Office Supplies,10.272,3.21,2013-04
7/4/2014,East,Furniture,102.3,26.598,2014-07
2/5/2011,West,Office Supplies,17.248,6.0368,2011-02
12/10/2014,East,Office Supplies,11.088,-8.1312,2014-12
7/12/2014,West,Technology,1287.45,244.6155,2014-07
7/12/2014,West,Office Supplies,168.1,43.706,2014-07
11/10/2014,South,Technology,191.976,38.3952,2014-11
11/10/2014,South,Technology,499.168,31.198,2014-11
5/5/2011,South,Office Supplies,11.88,5.346,2011-05
5/5/2011,South,Office Supplies,35.44,16.6568,2011-05
1/3/2013,Central,Technology,30.08,-5.264,2013-01
1/3/2013,Central,Technology,165.6,-6.21,2013-01
1/3/2013,Central,Technology,180.96,13.572,2013-01
6/4/2011,East,Furniture,56.96,21.0752,2011-06
6/4/2011,East,Office Supplies,15.56,4.0456,2011-06
6/4/2011,East,Furniture,353.568,-44.196,2011-06
6/4/2011,East,Furniture,13.96,6.7008,2011-06
11/10/2013,West,Technology,479.97,177.5889,2013-11
9/11/2013,West,Office Supplies,7.38,3.4686,2013-09
9/11/2013,West,Office Supplies,14.256,4.455,2013-09
9/11/2013,West,Office Supplies,81.98,40.1702,2013-09
9/11/2013,West,Office Supplies,39.624,13.8684,2013-09
3/4/2014,West,Furniture,399.672,-14.9877,2014-03
9/9/2014,East,Office Supplies,65.12,16.9312,2014-09
11/7/2014,Central,Furniture,30.56,-19.864,2014-11
12/8/2012,West,Office Supplies,15.696,5.1012,2012-12
9/7/2012,East,Office Supplies,70.26,18.9702,2012-09
9/7/2012,East,Technology,90,16.2,2012-09
9/7/2012,East,Office Supplies,6.096,2.0574,2012-09
9/7/2012,East,Furniture,481.176,-120.294,2012-09
9/7/2012,East,Office Supplies,7.24,2.3892,2012-09
12/3/2014,West,Office Supplies,67.86,-45.24,2014-12
11/8/2012,South,Office Supplies,31.504,11.814,2012-11
11/8/2012,South,Office Supplies,5.04,1.638,2012-11
11/8/2012,South,Office Supplies,39.879,-29.2446,2012-11
11/8/2012,South,Furniture,4.712,1.4136,2012-11
12/5/2012,South,Furniture,97.424,10.9602,2012-12
9/4/2013,East,Office Supplies,30.96,11.223,2013-09
5/12/2012,Central,Furniture,21.968,-15.9268,2012-05
5/12/2012,Central,Technology,619.152,69.6546,2012-05
5/12/2012,Central,Office Supplies,127.904,41.5688,2012-05
9/3/2013,Central,Office Supplies,8.608,-13.3424,2013-09
9/3/2013,Central,Technology,159.56,33.9065,2013-09
12/2/2013,South,Office Supplies,2104.55,694.5015,2013-12
12/2/2013,South,Office Supplies,40.7,11.803,2013-12
11/5/2011,South,Technology,47.79,16.2486,2011-11
3/1/2012,East,Office Supplies,3.552,0.444,2012-03
10/1/2011,West,Office Supplies,4.71,0,2011-10
9/8/2011,East,Furniture,172.764,13.4372,2011-09
9/8/2011,East,Office Supplies,3.52,1.6896,2011-09
3/3/2011,West,Furniture,626.352,-23.4882,2011-03
12/3/2012,West,Furniture,359.499,-29.6058,2012-12
7/12/2014,West,Technology,71.952,5.3964,2014-07
7/12/2014,West,Office Supplies,29.8,9.3125,2014-07
2/8/2011,East,Office Supplies,64.96,9.744,2011-02
9/5/2013,Central,Office Supplies,535.41,160.623,2013-09
4/7/2014,South,Office Supplies,8.1,-5.94,2014-04
12/9/2014,East,Office Supplies,13.248,3.6432,2014-12
12/9/2014,East,Technology,83.988,-20.997,2014-12
11/9/2012,Central,Office Supplies,10.74,5.1552,2012-11
10/2/2012,West,Furniture,11.032,3.0338,2012-10
10/2/2012,West,Technology,53.04,-4.641,2012-10
2/3/2014,West,Furniture,210.58,12.6348,2014-02
2/3/2014,West,Office Supplies,30.96,10.062,2014-02
2/3/2014,West,Technology,239.984,38.9974,2014-02
5/6/2013,South,Office Supplies,93.248,31.4712,2013-05
5/6/2013,South,Technology,177.48,19.9665,2013-05
9/10/2014,East,Office Supplies,17.712,5.9778,2014-09
9/10/2014,East,Office Supplies,4.86,-3.564,2014-09
9/10/2014,East,Office Supplies,6.258,-5.215,2014-09
10/5/2012,East,Technology,288,57.6,2012-10
12/6/2013,Central,Office Supplies,3.536,0.3094,2013-12
7/3/2013,Central,Furniture,528.43,0,2013-07
7/3/2013,Central,Office Supplies,41.472,14.5152,2013-07
3/1/2012,Central,Office Supplies,55.328,6.2244,2012-03
3/1/2012,Central,Furniture,1227.9984,-36.1176,2012-03
9/6/2012,South,Office Supplies,46.62,21.4452,2012-09
7/8/2013,West,Office Supplies,12.96,6.2208,2013-07
7/8/2013,West,Office Supplies,45.98,12.8744,2013-07
4/7/2013,East,Technology,1294.75,336.635,2013-04
5/8/2011,East,Technology,1799.97,239.996,2011-05
11/11/2013,Central,Technology,221.98,62.1544,2013-11
11/11/2013,Central,Furniture,341.96,54.7136,2013-11
3/9/2013,Central,Office Supplies,207.144,48.3336,2013-03
3/9/2013,Central,Office Supplies,13.9,3.753,2013-03
11/4/2014,South,Technology,959.984,311.9948,2014-11
11/4/2014,South,Office Supplies,4.086,-2.9964,2014-11
11/4/2014,South,Office Supplies,55.984,4.1988,2014-11
11/4/2014,South,Office Supplies,10.688,3.7408,2014-11
4/2/2011,Central,Office Supplies,26.72,9.352,2011-04
4/2/2011,Central,Office Supplies,33.488,10.465,2011-04
6/5/2012,Central,Office Supplies,10.56,4.752,2012-06
10/6/2011,Central,Office Supplies,386.34,54.0876,2011-10
4/6/2011,West,Office Supplies,70.95,18.447,2011-04
4/6/2011,West,Office Supplies,65.568,23.7684,2011-04
4/6/2011,West,Technology,299.97,131.9868,2011-04
2/9/2013,West,Technology,89.97,39.5868,2013-02
2/9/2013,West,Technology,31.86,11.151,2013-02
7/2/2012,South,Technology,74.24,8.352,2012-07
7/2/2012,South,Furniture,159.84,45.954,2012-07
7/2/2012,South,Office Supplies,2.892,-2.3136,2012-07
7/2/2012,South,Office Supplies,9.392,3.2872,2012-07
10/8/2011,East,Office Supplies,123.92,55.764,2011-10
9/11/2012,East,Office Supplies,31.05,14.904,2012-09
9/11/2012,East,Furniture,8.92,3.9248,2012-09
9/11/2012,East,Office Supplies,209.6,96.416,2012-09
9/11/2012,East,Office Supplies,111.04,29.9808,2012-09
9/11/2012,East,Office Supplies,38.88,18.6624,2012-09
11/5/2013,West,Technology,686.4,77.22,2013-11
12/2/2014,West,Office Supplies,15.92,5.373,2014-12
12/2/2014,West,Furniture,70.68,31.0992,2014-12
12/2/2014,West,Office Supplies,541.24,5.4124,2014-12
10/10/2011,East,Technology,101.994,-71.3958,2011-10
10/10/2011,East,Office Supplies,18.264,-13.3936,2011-10
7/1/2013,Central,Technology,50.12,-0.6265,2013-07
12/2/2014,West,Furniture,629.64,107.0388,2014-12
12/1/2012,West,Furniture,2676.672,267.6672,2012-12
8/5/2011,Central,Furniture,489.23,41.934,2011-08
8/7/2012,South,Technology,494.97,148.491,2012-08
8/7/2012,South,Office Supplies,25.06,11.7782,2012-08
6/1/2013,Central,Furniture,32.064,-12.8256,2013-06
6/1/2013,Central,Office Supplies,18.496,6.7048,2013-06
6/1/2013,Central,Furniture,191.079,-38.2158,2013-06
6/1/2013,Central,Office Supplies,10.368,3.6288,2013-06
7/2/2013,East,Office Supplies,30.53,14.0438,2013-07
7/2/2013,East,Technology,30.84,6.168,2013-07
7/2/2013,East,Office Supplies,75.06,33.777,2013-07
11/5/2014,South,Technology,95.976,15.5961,2014-11
11/5/2014,South,Technology,143.928,-32.3838,2014-11
11/5/2014,South,Office Supplies,3.564,-2.97,2014-11
11/5/2014,South,Office Supplies,4.928,1.7248,2014-11
5/10/2013,Central,Office Supplies,856.656,107.082,2013-05
5/10/2013,Central,Office Supplies,13.184,-20.4352,2013-05
5/10/2013,Central,Office Supplies,48.784,-131.7168,2013-05
5/10/2013,Central,Office Supplies,76.64,26.824,2013-05
5/10/2013,Central,Office Supplies,18.528,-27.792,2013-05
4/2/2011,South,Furniture,177.68,46.1968,2011-04
10/5/2013,South,Technology,52.68,19.755,2013-10
10/5/2013,South,Furniture,11.568,2.6028,2013-10
6/12/2014,South,Office Supplies,4.572,-3.81,2014-06
11/4/2013,West,Office Supplies,4.158,-3.465,2013-11
11/4/2013,West,Technology,179.991,-251.9874,2013-11
10/11/2014,Central,Furniture,239.358,-47.8716,2014-10
12/7/2011,West,Office Supplies,164.88,80.7912,2011-12
8/8/2011,South,Furniture,155.456,-7.7728,2011-08
11/6/2013,South,Furniture,273.96,71.2296,2013-11
11/6/2013,South,Technology,89.97,18.8937,2013-11
11/6/2013,South,Furniture,756.8,75.68,2013-11
11/7/2014,Central,Office Supplies,1.248,-1.9344,2014-11
11/4/2013,East,Technology,72,14.4,2013-11
11/4/2013,East,Furniture,470.155,-13.433,2013-11
12/3/2014,East,Office Supplies,19.728,1.7262,2014-12
12/3/2014,East,Technology,151.188,-25.198,2014-12
11/3/2011,East,Office Supplies,5.76,2.8224,2011-11
2/7/2011,Central,Office Supplies,8.952,-14.7708,2011-02
3/7/2013,Central,Office Supplies,2.334,-6.3018,2013-03
3/7/2013,Central,Office Supplies,1.728,-2.7648,2013-03
3/7/2013,Central,Furniture,159.04,-194.824,2013-03
3/7/2013,Central,Furniture,145.98,-99.2664,2013-03
12/3/2012,South,Furniture,77.952,12.6672,2012-12
12/3/2012,South,Office Supplies,95.97,-73.577,2012-12
12/3/2012,South,Technology,105.584,9.2386,2012-12
12/3/2012,South,Office Supplies,9.344,1.168,2012-12
10/2/2014,West,Technology,104.75,21.9975,2014-10
11/12/2014,Central,Technology,35.184,12.3144,2014-11
12/2/2011,South,Technology,5.95,0.833,2011-12
12/2/2011,South,Office Supplies,15.24,7.1628,2011-12
4/5/2012,West,Technology,239.94,26.3934,2012-04
4/5/2012,West,Office Supplies,23.84,6.4368,2012-04
9/2/2014,West,Office Supplies,314.6,103.818,2014-09
9/2/2014,West,Furniture,283.56,45.3696,2014-09
9/2/2011,South,Office Supplies,1793.98,843.1706,2011-09
10/1/2012,Central,Office Supplies,2.992,-4.488,2012-10
10/1/2012,Central,Technology,108.768,2.7192,2012-10
4/7/2012,East,Office Supplies,25.92,12.4416,2012-04
4/7/2012,East,Office Supplies,22.58,5.8708,2012-04
11/8/2013,West,Technology,479.97,163.1898,2013-11
9/12/2012,West,Technology,21.98,8.5722,2012-09
11/2/2012,East,Furniture,2621.322,553.3902,2012-11
2/4/2013,East,Technology,90.48,23.5248,2013-02
9/3/2013,West,Furniture,215.976,-2.6997,2013-09
9/3/2013,West,Office Supplies,65.94,30.9918,2013-09
12/5/2014,East,Furniture,11.352,2.6961,2014-12
6/12/2012,Central,Office Supplies,24.56,6.8768,2012-06
9/5/2013,Central,Office Supplies,16.56,7.7832,2013-09
9/5/2013,Central,Technology,279.95,67.188,2013-09
11/5/2012,East,Office Supplies,7.218,-5.5338,2012-11
11/5/2012,East,Office Supplies,27.2,2.04,2012-11
11/3/2011,Central,Technology,89.97,18.8937,2011-11
9/12/2014,West,Technology,143.952,17.994,2014-09
9/12/2014,West,Office Supplies,19.44,9.3312,2014-09
11/3/2014,South,Office Supplies,5.56,1.4456,2014-11
2/6/2012,South,Office Supplies,146.73,2.9346,2012-02
2/6/2012,South,Office Supplies,29.9,13.455,2012-02
9/11/2013,West,Office Supplies,276.784,89.9548,2013-09
6/1/2012,Central,Technology,299.98,83.9944,2012-06
6/1/2012,Central,Office Supplies,403.68,181.656,2012-06
6/1/2012,Central,Technology,41.9,11.732,2012-06
6/1/2012,Central,Office Supplies,28.91,13.2986,2012-06
4/12/2011,Central,Office Supplies,32.4,15.552,2011-04
11/7/2012,Central,Office Supplies,23.64,5.319,2012-11
11/7/2012,Central,Office Supplies,84.784,-16.9568,2012-11
11/7/2012,Central,Furniture,64.96,-84.448,2012-11
11/7/2012,Central,Office Supplies,32.06,-51.296,2012-11
11/7/2012,Central,Office Supplies,177.648,-28.8678,2012-11
11/7/2012,Central,Technology,287.91,33.5895,2012-11
2/7/2013,West,Technology,623.96,38.9975,2013-02
6/7/2013,West,Office Supplies,22.05,10.584,2013-06
6/7/2013,West,Office Supplies,99.9,46.953,2013-06
9/5/2014,West,Office Supplies,88.074,-58.716,2014-09
2/3/2011,South,Office Supplies,18.336,-12.224,2011-02
2/3/2011,South,Technology,180.96,13.572,2011-02
9/2/2011,Central,Technology,475.944,95.1888,2011-09
10/1/2014,West,Technology,159.98,47.994,2014-10
9/6/2013,East,Technology,43.6,12.208,2013-09
6/1/2011,Central,Office Supplies,138.56,66.5088,2011-06
6/1/2011,Central,Office Supplies,65.52,12.376,2011-06
8/2/2013,East,Furniture,19.312,3.1382,2013-08
8/4/2011,East,Office Supplies,101.96,27.5292,2011-08
8/4/2011,East,Office Supplies,259.74,124.6752,2011-08
8/4/2011,East,Technology,255.42,104.7222,2011-08
8/10/2013,South,Office Supplies,4.338,-3.0366,2013-08
8/10/2013,South,Office Supplies,11.88,-7.92,2013-08
12/9/2013,Central,Furniture,405.86,32.4688,2013-12
12/9/2013,Central,Furniture,680.01,176.8026,2013-12
6/8/2012,Central,Technology,2.376,0.7425,2012-06
6/8/2012,Central,Office Supplies,143.128,-393.602,2012-06
12/2/2013,West,Furniture,31.96,1.598,2013-12
12/2/2013,West,Office Supplies,47.9,22.992,2013-12
12/2/2013,West,Office Supplies,1112.94,222.588,2013-12
12/2/2013,West,Office Supplies,22.92,11.2308,2013-12
8/8/2014,West,Technology,707.88,44.2425,2014-08
8/8/2014,West,Office Supplies,11.952,4.1832,2014-08
8/8/2014,West,Office Supplies,31.128,11.673,2014-08
8/8/2014,West,Technology,55.76,7.8064,2014-08
8/8/2014,West,Office Supplies,24.56,11.5432,2014-08
8/8/2014,West,Furniture,51.75,15.525,2014-08
8/8/2014,West,Furniture,207.184,25.898,2014-08
8/8/2014,West,Office Supplies,1473.1,412.468,2014-08
11/2/2012,Central,Office Supplies,29.372,-46.9952,2012-11
11/2/2012,Central,Technology,344.704,38.7792,2012-11
5/10/2011,West,Office Supplies,39.96,19.1808,2011-05
5/10/2011,West,Technology,1432,125.3,2011-05
5/10/2011,West,Office Supplies,41.04,11.0808,2011-05
5/10/2011,West,Furniture,256.784,32.098,2011-05
12/2/2013,West,Office Supplies,23.04,6.912,2013-12
8/4/2014,Central,Technology,39.816,7.4655,2014-08
8/4/2014,West,Office Supplies,16.06,4.1756,2014-08
12/12/2014,Central,Office Supplies,7.28,3.4944,2014-12
12/12/2014,Central,Office Supplies,5.4,2.592,2014-12
12/8/2011,West,Furniture,39.88,11.1664,2011-12
12/8/2011,West,Furniture,79.44,28.5984,2011-12
10/1/2014,East,Office Supplies,20.664,6.9741,2014-10
11/5/2014,Central,Office Supplies,7.536,-13.188,2014-11
11/5/2014,Central,Office Supplies,1.408,-2.3232,2014-11
11/5/2014,Central,Office Supplies,4.144,-6.4232,2014-11
11/5/2014,Central,Office Supplies,52.752,-12.5286,2014-11
11/3/2011,West,Office Supplies,6.72,3.36,2011-11
9/3/2013,West,Furniture,94.68,31.2444,2013-09
9/3/2013,West,Office Supplies,23.67,0.9468,2013-09
9/3/2013,West,Technology,1091.168,68.198,2013-09
9/3/2013,West,Office Supplies,18.69,5.2332,2013-09
9/3/2013,West,Furniture,568.728,28.4364,2013-09
9/3/2013,West,Office Supplies,7.312,2.5592,2013-09
2/12/2014,East,Furniture,147.568,-3.6892,2014-02
7/9/2011,West,Office Supplies,14.304,4.6488,2011-07
7/9/2011,West,Furniture,119.833,7.049,2011-07
7/9/2011,West,Office Supplies,5.56,2.224,2011-07
7/9/2011,West,Office Supplies,32.4,15.552,2011-07
11/11/2013,East,Office Supplies,3.64,1.365,2013-11
11/11/2013,East,Technology,881.93,220.4825,2013-11
12/3/2013,Central,Office Supplies,115.84,54.4448,2013-12
3/3/2014,West,Office Supplies,107.648,33.64,2014-03
2/12/2011,Central,Furniture,60.89,15.2225,2011-02
2/12/2011,Central,Office Supplies,14.94,6.8724,2011-02
2/12/2011,Central,Office Supplies,9.64,4.4344,2011-02
2/12/2011,Central,Furniture,332.94,53.2704,2011-02
2/12/2011,Central,Office Supplies,51.9,24.393,2011-02
2/12/2011,Central,Office Supplies,64.96,2.5984,2011-02
11/12/2014,Central,Office Supplies,25.5,6.63,2014-11
9/3/2014,West,Furniture,215.976,-2.6997,2014-09
10/9/2012,Central,Furniture,389.97,35.0973,2012-10
10/9/2012,Central,Office Supplies,269.91,53.982,2012-10
2/9/2011,West,Furniture,14.56,5.5328,2011-02
9/3/2014,South,Office Supplies,1577.94,757.4112,2014-09
10/10/2011,West,Office Supplies,255.85,112.574,2011-10
12/2/2014,East,Office Supplies,15.936,5.1792,2014-12
12/2/2014,East,Office Supplies,8.001,-5.6007,2014-12
12/2/2014,East,Furniture,398.972,-28.498,2014-12
9/12/2014,South,Office Supplies,67.9,20.37,2014-09
9/3/2014,West,Office Supplies,11.696,3.9474,2014-09
12/1/2014,East,Furniture,1079.316,-15.4188,2014-12
3/3/2014,Central,Office Supplies,0.556,-0.9452,2014-03
3/7/2014,Central,Office Supplies,4.928,1.7248,2014-03
3/7/2014,Central,Office Supplies,63.488,4.7616,2014-03
11/11/2012,Central,Office Supplies,418.32,117.1296,2012-11
11/11/2012,Central,Office Supplies,123.858,46.7908,2012-11
4/6/2013,East,Technology,118.782,-27.7158,2013-04
4/6/2013,East,Office Supplies,769.184,-163.4516,2013-04
11/5/2013,Central,Furniture,11.376,-5.688,2013-11
11/5/2013,Central,Furniture,66.112,-84.2928,2013-11
9/8/2014,West,Furniture,80.96,34.8128,2014-09
9/8/2014,West,Technology,455.712,34.1784,2014-09
9/8/2014,West,Office Supplies,25.98,7.2744,2014-09
11/12/2012,East,Office Supplies,15.56,7.3132,2012-11
9/12/2014,South,Office Supplies,195.68,50.8768,2014-09
9/12/2014,South,Office Supplies,14.2,6.674,2014-09
5/2/2014,South,Furniture,314.352,-15.7176,2014-05
5/2/2014,South,Office Supplies,4.608,1.4976,2014-05
12/1/2012,Central,Office Supplies,19.44,9.3312,2012-12
12/1/2012,Central,Office Supplies,3.64,1.0192,2012-12
12/1/2012,Central,Office Supplies,18.54,8.7138,2012-12
6/8/2011,East,Office Supplies,68.48,25.68,2011-06
6/8/2011,East,Office Supplies,1676.88,83.844,2011-06
4/8/2013,East,Office Supplies,37.94,18.2112,2013-04
11/8/2014,East,Furniture,272.97,43.6752,2014-11
5/8/2014,West,Technology,419.944,52.493,2014-05
6/6/2013,West,Office Supplies,61.38,15.9588,2013-06
5/11/2013,Central,Office Supplies,7.072,2.3868,2013-05
8/12/2014,East,Office Supplies,25.92,12.4416,2014-08
11/12/2013,Central,Office Supplies,14.112,1.2348,2013-11
12/11/2014,East,Office Supplies,3.273,-2.5093,2014-12
12/11/2014,East,Furniture,87.92,15.386,2014-12
3/11/2013,West,Office Supplies,104.696,6.5435,2013-03
10/3/2014,Central,Office Supplies,15.224,-38.8212,2014-10
10/3/2014,Central,Office Supplies,21.984,-56.0592,2014-10
9/12/2011,East,Furniture,3785.292,420.588,2011-09
5/11/2011,Central,Furniture,1212.96,-69.312,2011-05
8/1/2014,East,Technology,285.576,-57.1152,2014-08
10/12/2011,Central,Office Supplies,22.24,2.502,2011-10
4/8/2014,South,Office Supplies,16.256,1.2192,2014-04
4/8/2014,South,Technology,219.184,19.1786,2014-04
3/1/2012,Central,Technology,95.84,34.742,2012-03
9/8/2011,West,Office Supplies,8.608,3.0128,2011-09
6/4/2014,West,Office Supplies,136.26,5.4504,2014-06
10/9/2011,West,Office Supplies,144.6,41.934,2011-10
10/9/2011,West,Technology,15.992,-2.9985,2011-10
11/6/2014,East,Office Supplies,164.688,55.5822,2014-11
11/6/2014,East,Furniture,166.5,-66.6,2014-11
11/6/2014,East,Office Supplies,12.96,6.2208,2014-11
11/6/2014,East,Office Supplies,110.96,53.2608,2014-11
11/6/2014,East,Technology,99.98,3.9992,2014-11
11/6/2014,East,Office Supplies,11.424,3.7128,2014-11
11/6/2014,East,Furniture,128.124,24.2012,2014-11
11/6/2014,East,Furniture,101.4,38.532,2014-11
9/7/2011,Central,Office Supplies,13.16,4.1125,2011-09
9/7/2011,Central,Office Supplies,3.828,-6.5076,2011-09
9/7/2011,Central,Office Supplies,304.99,-533.7325,2011-09
11/7/2014,Central,Office Supplies,18.16,1.816,2014-11
12/3/2013,Central,Furniture,781.864,-137.976,2013-12
12/3/2013,Central,Office Supplies,30.816,9.63,2013-12
12/12/2014,East,Office Supplies,6.54,2.1582,2014-12
10/1/2012,West,Technology,572.8,50.12,2012-10
8/6/2013,South,Office Supplies,197.05,59.115,2013-08
1/4/2014,West,Office Supplies,2022.272,682.5168,2014-01
1/4/2014,West,Office Supplies,9.12,3.1008,2014-01
11/8/2014,Central,Office Supplies,38.16,19.08,2014-11
1/3/2013,Central,Furniture,1592.85,350.427,2013-01
1/3/2013,Central,Office Supplies,11.88,5.346,2013-01
11/6/2014,Central,Office Supplies,4.41,2.0286,2014-11
11/6/2014,Central,Office Supplies,167.94,82.2906,2014-11
11/6/2014,Central,Office Supplies,67.8,31.188,2014-11
4/5/2011,Central,Office Supplies,26.7,7.476,2011-04
4/5/2011,Central,Office Supplies,40.2,18.09,2011-04
4/5/2011,Central,Office Supplies,13.89,4.5837,2011-04
4/5/2011,Central,Office Supplies,689.82,20.6946,2011-04
8/7/2013,East,Office Supplies,38.34,15.7194,2013-08
5/9/2014,West,Office Supplies,81.08,22.7024,2014-05
2/4/2013,West,Office Supplies,93.02,3.7208,2013-02
12/6/2014,West,Office Supplies,83.92,29.372,2014-12
12/6/2014,West,Furniture,199.9,39.98,2014-12
12/6/2014,West,Technology,31.176,-7.0146,2014-12
12/6/2014,West,Office Supplies,172.752,60.4632,2014-12
12/6/2014,West,Office Supplies,9.296,3.0212,2014-12
7/9/2014,West,Office Supplies,52.76,24.2696,2014-07
9/8/2014,East,Office Supplies,16.9,7.774,2014-09
9/8/2014,East,Office Supplies,39.96,18.7812,2014-09
5/11/2012,West,Furniture,191.968,16.7972,2012-05
8/6/2012,Central,Office Supplies,35.52,13.32,2012-08
8/6/2012,Central,Office Supplies,6.23,-9.6565,2012-08
8/6/2012,Central,Office Supplies,56.704,19.1376,2012-08
8/6/2012,Central,Furniture,369.1992,-114.0174,2012-08
5/3/2012,West,Office Supplies,13.848,5.193,2012-05
11/10/2012,East,Office Supplies,577.584,43.3188,2012-11
12/3/2012,East,Office Supplies,184.66,84.9436,2012-12
5/4/2013,East,Technology,132.52,34.7865,2013-05
5/4/2013,East,Office Supplies,195.64,-44.019,2013-05
5/4/2013,East,Furniture,51.968,10.3936,2013-05
5/4/2013,East,Technology,431.976,-75.5958,2013-05
5/4/2013,East,Technology,224.937,-164.9538,2013-05
5/4/2013,East,Office Supplies,6,2.1,2013-05
6/1/2012,West,Office Supplies,11.76,5.7624,2012-06
7/6/2014,Central,Technology,79.96,22.3888,2014-07
6/8/2013,East,Office Supplies,9.648,3.4974,2013-06
5/11/2011,Central,Office Supplies,17.472,5.6784,2011-05
5/11/2011,Central,Office Supplies,104.58,-172.557,2011-05
5/9/2014,Central,Office Supplies,41.472,14.5152,2014-05
9/5/2013,South,Office Supplies,239.5,114.96,2013-09
11/2/2012,South,Office Supplies,197.72,55.3616,2012-11
11/5/2014,East,Technology,70.72,-6.188,2014-11
11/5/2014,East,Office Supplies,194.352,-43.7292,2014-11
12/6/2014,East,Office Supplies,21.6,9.936,2014-12
12/6/2014,East,Office Supplies,11.07,5.2029,2014-12
11/11/2011,West,Office Supplies,22.98,6.894,2011-11
11/11/2011,West,Technology,102.13,15.3195,2011-11
11/11/2011,West,Office Supplies,2033.584,762.594,2011-11
6/1/2013,East,Office Supplies,7.152,2.3244,2013-06
6/1/2013,East,Technology,179.7,88.053,2013-06
3/7/2011,West,Office Supplies,20.65,9.499,2011-03
3/7/2011,West,Office Supplies,204.9,0,2011-03
3/7/2011,West,Furniture,436.704,21.8352,2011-03
3/7/2011,West,Furniture,481.568,54.1764,2011-03
6/9/2014,West,Technology,89.544,12.3123,2014-06
6/9/2014,West,Office Supplies,35.168,-8.3524,2014-06
6/9/2014,West,Office Supplies,72.588,-48.392,2014-06
6/7/2013,West,Technology,3023.928,226.7946,2013-06
6/7/2013,West,Technology,26.96,3.7744,2013-06
6/7/2013,West,Technology,477.6,161.19,2013-06
9/1/2014,West,Office Supplies,193.95,9.6975,2014-09
12/7/2012,West,Office Supplies,12.96,6.2208,2012-12
4/3/2014,South,Office Supplies,14.94,6.8724,2014-04
5/7/2013,West,Furniture,41.6,14.144,2013-05
1/3/2014,West,Technology,16.59,5.8065,2014-01
10/1/2014,Central,Office Supplies,11.646,-17.469,2014-10
4/5/2014,East,Office Supplies,7.04,2.0416,2014-04
12/12/2013,East,Office Supplies,73.536,9.192,2013-12
6/10/2011,Central,Office Supplies,491.55,240.8595,2011-06
3/12/2013,East,Furniture,30.336,9.48,2013-03
8/1/2014,East,Office Supplies,11.54,5.5392,2014-08
8/1/2014,East,Office Supplies,849.95,390.977,2014-08
8/1/2014,East,Office Supplies,11.01,5.3949,2014-08
11/5/2011,East,Furniture,273.568,-34.196,2011-11
11/5/2011,East,Office Supplies,13.194,-8.796,2011-11
11/5/2011,East,Office Supplies,1080.096,-94.5084,2011-11
11/5/2011,East,Technology,51.56,-6.445,2011-11
11/5/2011,East,Technology,58.416,16.7946,2011-11
11/8/2013,West,Office Supplies,57.584,20.1544,2013-11
12/5/2012,Central,Office Supplies,12.224,4.4312,2012-12
12/3/2014,East,Office Supplies,286.86,80.3208,2014-12
12/3/2014,East,Technology,979.95,284.1855,2014-12
12/3/2014,East,Office Supplies,4.36,0.1744,2014-12
11/8/2012,East,Furniture,4404.9,1013.127,2012-11
11/11/2011,Central,Furniture,10.984,-7.9634,2011-11
11/11/2011,Central,Furniture,797.944,-56.996,2011-11
3/5/2013,East,Technology,159.98,57.5928,2013-03
10/12/2013,Central,Office Supplies,5.344,0.668,2013-10
10/12/2013,Central,Office Supplies,27.72,3.465,2013-10
7/2/2013,West,Office Supplies,2.496,0.9048,2013-07
11/1/2013,West,Furniture,1403.92,70.196,2013-11
11/5/2014,South,Office Supplies,4.3,1.419,2014-11
3/1/2014,East,Office Supplies,9.84,4.7232,2014-03
3/1/2014,East,Office Supplies,7.78,3.501,2014-03
12/10/2014,Central,Office Supplies,54.9,26.901,2014-12
12/8/2014,West,Office Supplies,50.04,25.02,2014-12
7/4/2013,East,Office Supplies,123.92,38.725,2013-07
5/9/2012,South,Office Supplies,48.81,23.9169,2012-05
11/5/2011,South,Furniture,149.9,40.473,2011-11
1/12/2012,East,Office Supplies,10.368,1.5552,2012-01
1/12/2012,East,Technology,235.188,-43.1178,2012-01
1/12/2012,East,Technology,26.376,2.6376,2012-01
1/12/2012,East,Technology,10.384,2.2066,2012-01
1/12/2012,East,Technology,107.118,-21.4236,2012-01
11/7/2011,West,Office Supplies,25.92,9.072,2011-11
11/7/2011,West,Office Supplies,120.768,9.0576,2011-11
6/8/2012,South,Office Supplies,173.488,54.215,2012-06
6/8/2012,South,Office Supplies,516.96,-6.462,2012-06
6/8/2012,South,Furniture,173.208,45.4671,2012-06
6/8/2012,South,Office Supplies,4.448,0.3336,2012-06
6/8/2012,South,Office Supplies,9,3.15,2012-06
6/8/2012,South,Office Supplies,42.24,13.2,2012-06
6/8/2012,South,Office Supplies,18.264,-13.3936,2012-06
10/11/2013,Central,Furniture,14,-6.3,2013-10
10/11/2013,Central,Office Supplies,16.392,-26.2272,2013-10
6/3/2011,Central,Office Supplies,15.936,5.1792,2011-06
6/3/2011,Central,Furniture,61.544,-40.0036,2011-06
6/3/2011,Central,Office Supplies,132.696,9.9522,2011-06
9/3/2014,West,Office Supplies,43.1,11.206,2014-09
9/3/2014,West,Furniture,511.5,132.99,2014-09
9/3/2014,West,Office Supplies,147.92,46.225,2014-09
4/12/2011,West,Office Supplies,39.68,16.2688,2011-04
5/3/2013,East,Furniture,12.56,4.0192,2013-05
5/3/2013,East,Office Supplies,90.48,33.93,2013-05
5/3/2013,East,Office Supplies,13.08,6.0168,2013-05
5/3/2013,East,Furniture,214.7,83.733,2013-05
11/6/2011,South,Office Supplies,43.68,20.9664,2011-11
11/1/2011,East,Furniture,68.704,16.3172,2011-11
11/1/2011,East,Office Supplies,3.132,-2.61,2011-11
11/1/2011,East,Office Supplies,22.428,-17.9424,2011-11
10/7/2014,Central,Office Supplies,290.336,32.6628,2014-10
10/7/2014,Central,Office Supplies,19.152,1.197,2014-10
12/11/2013,East,Office Supplies,6.48,3.1104,2013-12
8/12/2011,South,Office Supplies,14.04,6.7392,2011-08
8/12/2011,South,Technology,272.61,98.1396,2011-08
4/3/2011,West,Office Supplies,11.16,5.58,2011-04
4/3/2011,West,Technology,62.31,22.4316,2011-04
4/3/2011,West,Technology,159.98,57.5928,2011-04
8/8/2012,East,Technology,79.99,28.7964,2012-08
6/7/2013,East,Furniture,466.32,34.974,2013-06
6/7/2013,East,Furniture,82.64,0,2013-06
11/12/2011,Central,Furniture,25.128,-6.9102,2011-11
11/12/2011,Central,Technology,127.984,25.5968,2011-11
4/5/2011,South,Office Supplies,115.36,56.5264,2011-04
10/10/2012,West,Furniture,362.136,-54.3204,2012-10
10/10/2012,West,Office Supplies,31.05,14.904,2012-10
5/7/2014,Central,Technology,191.968,28.7952,2014-05
9/5/2013,West,Furniture,24.27,8.7372,2013-09
9/5/2013,West,Technology,2799.96,944.9865,2013-09
7/11/2011,East,Technology,164.85,47.8065,2011-07
4/8/2013,East,Office Supplies,33.528,2.5146,2013-04
4/8/2013,East,Office Supplies,36.744,3.6744,2013-04
6/4/2013,West,Furniture,71.088,-1.7772,2013-06
4/12/2012,West,Office Supplies,40.74,0.4074,2012-04
3/2/2011,East,Office Supplies,3.424,1.07,2011-03
3/2/2011,East,Technology,151.2,32.13,2011-03
6/2/2014,Central,Furniture,1925.88,539.2464,2014-06
6/2/2014,Central,Office Supplies,2405.2,793.716,2014-06
6/2/2014,Central,Technology,83.97,15.9543,2014-06
6/2/2014,Central,Technology,39.89,14.7593,2014-06
6/2/2014,Central,Office Supplies,17.38,8.69,2014-06
11/11/2011,East,Office Supplies,46.35,21.7845,2011-11
11/11/2011,East,Office Supplies,223.92,109.7208,2011-11
11/11/2011,East,Office Supplies,7.3,2.19,2011-11
10/7/2014,West,Office Supplies,9.344,1.8688,2014-10
12/6/2013,East,Furniture,13.4,6.432,2013-12
12/6/2013,East,Office Supplies,4.98,2.3406,2013-12
12/6/2013,East,Office Supplies,109.69,51.5543,2013-12
12/12/2014,East,Office Supplies,40.2,18.09,2014-12
12/12/2014,East,Office Supplies,735.98,331.191,2014-12
12/12/2014,East,Office Supplies,22.75,6.5975,2014-12
9/12/2013,Central,Office Supplies,99.568,33.6042,2013-09
12/7/2013,West,Technology,271.96,27.196,2013-12
12/7/2013,West,Office Supplies,18.69,5.2332,2013-12
12/7/2013,West,Office Supplies,13.36,6.4128,2013-12
12/7/2013,West,Technology,249.584,31.198,2013-12
12/7/2013,West,Office Supplies,13.86,0,2013-12
12/7/2013,West,Office Supplies,13.376,4.6816,2013-12
12/7/2013,West,Office Supplies,437.472,153.1152,2013-12
9/6/2012,South,Furniture,85.98,22.3548,2012-09
8/4/2014,East,Office Supplies,16.52,5.369,2014-08
5/5/2014,West,Office Supplies,243.16,72.948,2014-05
